<?xml version="1.0" encoding="UTF-8"?>
<!DOCTYPE html PUBLIC "-//W3C//DTD XHTML 1.0 Transitional//EN"
    "http://www.w3.org/TR/xhtml1/DTD/xhtml1-transitional.dtd">
<html xmlns="http://www.w3.org/1999/xhtml" xml:lang="en" lang="en">
 <head>
  <title>
</title>
<meta http-equiv="Content-Type" content="text/html;charset=utf-8" />
  <meta name='ocr-system' content='tesseract 3.04.00' />
  <meta name='ocr-capabilities' content='ocr_page ocr_carea ocr_par ocr_line ocrx_word'/>
</head>
<body>
  <div class='ocr_page' id='page_1' title='image "./dehistoricaedoc00roscgoog_0047.png"; bbox 0 0 2902 5099; ppageno 0'>
   <div class='ocr_carea' id='block_1_1' title="bbox 1015 415 1274 692">
    <p class='ocr_par' dir='ltr' id='par_1_1' title="bbox 1015 415 1274 692">
     <span class='ocr_line' id='line_1_1' title="bbox 1097 415 1186 483; baseline 0 0"><span class='ocrx_word' id='word_1_1' title='bbox 1097 415 1186 483; x_wconf 75' lang='lat'><strong>33</strong></span> 
     </span>
     <span class='ocr_line' id='line_1_2' title="bbox 1015 611 1274 692; baseline -0.015 -2"><span class='ocrx_word' id='word_1_2' title='bbox 1015 611 1274 692; x_wconf 79' lang='lat' dir='ltr'><strong>xvn.</strong></span> 
     </span>
    </p>
   </div>
   <div class='ocr_carea' id='block_1_2' title="bbox 401 731 1885 824">
    <p class='ocr_par' dir='ltr' id='par_1_2' title="bbox 401 731 1885 824">
     <span class='ocr_line' id='line_1_3' title="bbox 401 731 1885 824; baseline -0.005 -24"><span class='ocrx_word' id='word_1_3' title='bbox 401 731 1104 824; x_wconf 44' lang='lat' dir='ltr'><strong>Smcmtis‘reipublieae</strong></span> <span class='ocrx_word' id='word_1_4' title='bbox 1138 741 1292 818; x_wconf 69' lang='lat' dir='ltr'><strong>apud</strong></span> <span class='ocrx_word' id='word_1_5' title='bbox 1323 739 1605 796; x_wconf 70' lang='lat' dir='ltr'><strong>Platonem</strong></span> <span class='ocrx_word' id='word_1_6' title='bbox 1634 739 1885 815; x_wconf 60' lang='lat' dir='ltr'><strong>vestigia.</strong></span> 
     </span>
    </p>
   </div>
   <div class='ocr_carea' id='block_1_3' title="bbox 0 863 2357 3732">
    <p class='ocr_par' dir='ltr' id='par_1_3' title="bbox 0 863 2357 3732">
     <span class='ocr_line' id='line_1_4' title="bbox 192 863 2275 954; baseline -0.003 -20"><span class='ocrx_word' id='word_1_7' title='bbox 192 868 318 935; x_wconf 81' lang='lat' dir='ltr'><strong>Iam</strong></span> <span class='ocrx_word' id='word_1_8' title='bbox 367 893 516 938; x_wconf 79' lang='lat' dir='ltr'><strong>vero</strong></span> <span class='ocrx_word' id='word_1_9' title='bbox 569 865 1118 936; x_wconf 82' lang='lat' dir='ltr'><strong>demonstrandum</strong></span> <span class='ocrx_word' id='word_1_10' title='bbox 1171 880 1296 947; x_wconf 89' lang='lat' dir='ltr'><strong>est,</strong></span> <span class='ocrx_word' id='word_1_11' title='bbox 1361 867 1585 950; x_wconf 84' lang='lat' dir='ltr'><strong>quibus</strong></span> <span class='ocrx_word' id='word_1_12' title='bbox 1622 868 1693 940; x_wconf 82' lang='lat' dir='ltr'><strong>in</strong></span> <span class='ocrx_word' id='word_1_13' title='bbox 1732 865 1917 954; x_wconf 81' lang='lat' dir='ltr'><strong>rebus</strong></span> <span class='ocrx_word' id='word_1_14' title='bbox 1956 863 2275 930; x_wconf 84' lang='lat' dir='ltr'><strong>Platonica</strong></span> 
     </span>
     <span class='ocr_line' id='line_1_5' title="bbox 27 971 2357 1060; baseline -0.003 -26"><span class='ocrx_word' id='word_1_15' title='bbox 27 973 234 1036; x_wconf 86' lang='lat' dir='ltr'><strong>civitas</strong></span> <span class='ocrx_word' id='word_1_16' title='bbox 271 975 466 1057; x_wconf 90' lang='lat' dir='ltr'><strong>ipsius</strong></span> <span class='ocrx_word' id='word_1_17' title='bbox 510 973 729 1034; x_wconf 86' lang='lat' dir='ltr'><strong>aetatis</strong></span> <span class='ocrx_word' id='word_1_18' title='bbox 771 971 1124 1034; x_wconf 77' lang='lat' dir='ltr'><strong>Platonicae</strong></span> <span class='ocrx_word' id='word_1_19' title='bbox 1167 971 1354 1052; x_wconf 83' lang='lat' dir='ltr'><strong>signis</strong></span> <span class='ocrx_word' id='word_1_20' title='bbox 1399 983 1615 1032; x_wconf 87' lang='lat' dir='ltr'><strong>notata</strong></span> <span class='ocrx_word' id='word_1_21' title='bbox 1654 971 1754 1033; x_wconf 87' lang='lat' dir='ltr'><strong>sit.</strong></span> <span class='ocrx_word' id='word_1_22' title='bbox 1838 971 2123 1052; x_wconf 69' lang='lat' dir='ltr'><strong>Summus</strong></span> <span class='ocrx_word' id='word_1_23' title='bbox 2166 992 2279 1060; x_wconf 79' lang='lat' dir='ltr'><strong>au·</strong></span> <span class='ocrx_word' id='word_1_24' title='bbox 2348 1017 2357 1026; x_wconf 91' lang='lat'><strong>.</strong></span> 
     </span>
     <span class='ocr_line' id='line_1_6' title="bbox 25 1074 2277 1155; baseline 0.001 -19"><span class='ocrx_word' id='word_1_25' title='bbox 25 1088 146 1139; x_wconf 89' lang='lat' dir='ltr'><strong>tem</strong></span> <span class='ocrx_word' id='word_1_26' title='bbox 199 1077 398 1140; x_wconf 88' lang='lat' dir='ltr'><strong>adulti</strong></span> <span class='ocrx_word' id='word_1_27' title='bbox 445 1075 726 1138; x_wconf 74' lang='lat' dir='ltr'><strong>Platonis</strong></span> <span class='ocrx_word' id='word_1_28' title='bbox 783 1086 1068 1155; x_wconf 84' lang='lat' dir='ltr'><strong>tempore</strong></span> <span class='ocrx_word' id='word_1_29' title='bbox 1117 1077 1241 1138; x_wconf 87' lang='lat' dir='ltr'><strong>iam</strong></span> <span class='ocrx_word' id='word_1_30' title='bbox 1293 1074 1606 1136; x_wconf 79' lang='lat' dir='ltr'><strong>deciderat</strong></span> <span class='ocrx_word' id='word_1_31' title='bbox 1648 1074 2013 1144; x_wconf 80' lang='lat' dir='ltr'><strong>Graecarum</strong></span> <span class='ocrx_word' id='word_1_32' title='bbox 2064 1075 2277 1138; x_wconf 55' lang='lat' dir='ltr'><strong>civita,</strong></span> 
     </span>
     <span class='ocr_line' id='line_1_7' title="bbox 22 1163 2279 1259; baseline 0.002 -23"><span class='ocrx_word' id='word_1_33' title='bbox 22 1178 179 1238; x_wconf 90' lang='lat' dir='ltr'><strong>tium</strong></span> <span class='ocrx_word' id='word_1_34' title='bbox 209 1178 347 1255; x_wconf 84' lang='lat' dir='ltr'><strong>flos,</strong></span> <span class='ocrx_word' id='word_1_35' title='bbox 387 1175 546 1248; x_wconf 83' lang='lat' dir='ltr'><strong>adeo</strong></span> <span class='ocrx_word' id='word_1_36' title='bbox 589 1189 662 1238; x_wconf 87' lang='lat' dir='ltr'><strong>ut</strong></span> <span class='ocrx_word' id='word_1_37' title='bbox 702 1163 882 1238; x_wconf 85' lang='lat' dir='ltr'><strong>nulla</strong></span> <span class='ocrx_word' id='word_1_38' title='bbox 899 1189 1050 1238; x_wconf 70' lang='lat' dir='ltr'><strong>tum</strong></span> <span class='ocrx_word' id='word_1_39' title='bbox 1090 1191 1250 1242; x_wconf 81' lang='lat' dir='ltr'><strong>esset.</strong></span> <span class='ocrx_word' id='word_1_40' title='bbox 1291 1179 1660 1258; x_wconf 79' lang='lat' dir='ltr'>respublica,</span> <span class='ocrx_word' id='word_1_41' title='bbox 1704 1177 1859 1259; x_wconf 89' lang='lat' dir='ltr'><strong>quin</strong></span> <span class='ocrx_word' id='word_1_42' title='bbox 1900 1197 2279 1240; x_wconf 87' lang='lat' dir='ltr'><strong>senescen-</strong></span> 
     </span>
     <span class='ocr_line' id='line_1_8' title="bbox 19 1274 2280 1361; baseline 0 -21"><span class='ocrx_word' id='word_1_43' title='bbox 19 1281 116 1341; x_wconf 76' lang='lat' dir='ltr'><strong>tis</strong></span> <span class='ocrx_word' id='word_1_44' title='bbox 183 1280 458 1340; x_wconf 85' lang='lat' dir='ltr'><strong>aetatis</strong></span> <span class='ocrx_word' id='word_1_45' title='bbox 519 1274 844 1359; x_wconf 76' lang='lat' dir='ltr'><strong>vestigia</strong></span> <span class='ocrx_word' id='word_1_46' title='bbox 903 1301 1056 1361; x_wconf 85' lang='lat' dir='ltr'><strong>prae</strong></span> <span class='ocrx_word' id='word_1_47' title='bbox 1117 1301 1182 1342; x_wconf 87' lang='lat' dir='ltr'><strong>se</strong></span> <span class='ocrx_word' id='word_1_48' title='bbox 1248 1281 1463 1342; x_wconf 86' lang='lat' dir='ltr'><strong>ferret.</strong></span> <span class='ocrx_word' id='word_1_49' title='bbox 1569 1279 1746 1340; x_wconf 85' lang='lat' dir='ltr'><strong>Talia</strong></span> <span class='ocrx_word' id='word_1_50' title='bbox 1802 1277 2060 1356; x_wconf 77' lang='lat' dir='ltr'><strong>vestigia</strong></span> <span class='ocrx_word' id='word_1_51' title='bbox 2114 1276 2280 1358; x_wconf 86' lang='lat' dir='ltr'><strong>apud</strong></span> 
     </span>
     <span class='ocr_line' id='line_1_9' title="bbox 17 1378 2282 1466; baseline -0 -24"><span class='ocrx_word' id='word_1_52' title='bbox 17 1401 234 1444; x_wconf 88' lang='lat' dir='ltr'><strong>omnes</strong></span> <span class='ocrx_word' id='word_1_53' title='bbox 277 1383 408 1444; x_wconf 87' lang='lat' dir='ltr'><strong>fere</strong></span> <span class='ocrx_word' id='word_1_54' title='bbox 450 1395 514 1444; x_wconf 86' lang='lat' dir='ltr'><strong>et</strong></span> <span class='ocrx_word' id='word_1_55' title='bbox 551 1385 938 1466; x_wconf 75' lang='lat' dir='ltr'><strong>antiquitatis</strong></span> <span class='ocrx_word' id='word_1_56' title='bbox 983 1398 1048 1448; x_wconf 88' lang='lat' dir='ltr'><strong>et</strong></span> <span class='ocrx_word' id='word_1_57' title='bbox 1087 1385 1451 1448; x_wconf 73' lang='lat' dir='ltr'>recentioris</span> <span class='ocrx_word' id='word_1_58' title='bbox 1493 1385 1794 1466; x_wconf 84' lang='lat' dir='ltr'><strong>temporis</strong></span> <span class='ocrx_word' id='word_1_59' title='bbox 1830 1379 2131 1466; x_wconf 71' lang='lat' dir='ltr'><strong>Populos,</strong></span> <span class='ocrx_word' id='word_1_60' title='bbox 2170 1378 2282 1442; x_wconf 91' lang='lat' dir='ltr'><strong>ubi</strong></span> 
     </span>
     <span class='ocr_line' id='line_1_10' title="bbox 13 1483 2281 1572; baseline 0 -28"><span class='ocrx_word' id='word_1_61' title='bbox 13 1483 370 1560; x_wconf 69' lang='lat' dir='ltr'><strong>decrescere</strong></span> <span class='ocrx_word' id='word_1_62' title='bbox 409 1488 746 1566; x_wconf 73' lang='lat' dir='ltr'><strong>coeperint,</strong></span> <span class='ocrx_word' id='word_1_63' title='bbox 789 1489 1016 1552; x_wconf 79' lang='lat' dir='ltr'>similia</span> <span class='ocrx_word' id='word_1_64' title='bbox 1054 1491 1478 1570; x_wconf 87' lang='lat' dir='ltr'><strong>reperiuntur.</strong></span> <span class='ocrx_word' id='word_1_65' title='bbox 1561 1486 1844 1562; x_wconf 88' lang='lat' dir='ltr'><strong>Quorum</strong></span> <span class='ocrx_word' id='word_1_66' title='bbox 1885 1487 1955 1572; x_wconf 82' lang='lat' dir='ltr'><strong>id</strong></span> <span class='ocrx_word' id='word_1_67' title='bbox 1993 1483 2281 1552; x_wconf 79' lang='lat' dir='ltr'><strong>videlicet</strong></span> 
     </span>
     <span class='ocr_line' id='line_1_11' title="bbox 7 1587 2283 1672; baseline 0 -24"><span class='ocrx_word' id='word_1_68' title='bbox 7 1588 450 1664; x_wconf 38' lang='lat' dir='ltr'><strong>,gravissimum</strong></span> <span class='ocrx_word' id='word_1_69' title='bbox 497 1601 590 1652; x_wconf 80' lang='lat' dir='ltr'><strong>est</strong></span> <span class='ocrx_word' id='word_1_70' title='bbox 604 1634 622 1666; x_wconf 95' lang='lat'><strong>,</strong></span> <span class='ocrx_word' id='word_1_71' title='bbox 673 1611 866 1672; x_wconf 82' lang='lat' dir='ltr'><strong>quum</strong></span> <span class='ocrx_word' id='word_1_72' title='bbox 904 1593 1042 1672; x_wconf 83' lang='lat' dir='ltr'><strong>ipsa</strong></span> <span class='ocrx_word' id='word_1_73' title='bbox 1069 1593 1298 1657; x_wconf 83' lang='lat' dir='ltr'><strong>-civitas</strong></span> <span class='ocrx_word' id='word_1_74' title='bbox 1341 1591 1497 1654; x_wconf 91' lang='lat' dir='ltr'><strong>adeo</strong></span> <span class='ocrx_word' id='word_1_75' title='bbox 1539 1588 1659 1650; x_wconf 87' lang='lat' dir='ltr'><strong>sibi</strong></span> <span class='ocrx_word' id='word_1_76' title='bbox 1702 1590 2016 1668; x_wconf 79' lang='lat' dir='ltr'>arrogavit</span> <span class='ocrx_word' id='word_1_77' title='bbox 2058 1587 2283 1665; x_wconf 82' lang='lat' dir='ltr'><strong>omnia,</strong></span> 
     </span>
     <span class='ocr_line' id='line_1_12' title="bbox 7 1691 2284 1778; baseline -0 -28"><span class='ocrx_word' id='word_1_78' title='bbox 7 1702 83 1750; x_wconf 86' lang='lat' dir='ltr'><strong>ut</strong></span> <span class='ocrx_word' id='word_1_79' title='bbox 129 1691 520 1778; x_wconf 69' lang='lat' dir='ltr'><strong>singulorum</strong></span> <span class='ocrx_word' id='word_1_80' title='bbox 553 1691 784 1754; x_wconf 85' lang='lat' dir='ltr'><strong>civium</strong></span> <span class='ocrx_word' id='word_1_81' title='bbox 823 1696 1348 1778; x_wconf 77' lang='lat' dir='ltr'><strong>collegiorumque</strong></span> <span class='ocrx_word' id='word_1_82' title='bbox 1387 1695 1642 1756; x_wconf 84' lang='lat' dir='ltr'><strong>libertas</strong></span> <span class='ocrx_word' id='word_1_83' title='bbox 1685 1711 1803 1772; x_wconf 90' lang='lat' dir='ltr'><strong>pro</strong></span> <span class='ocrx_word' id='word_1_84' title='bbox 1846 1692 2045 1754; x_wconf 86' lang='lat' dir='ltr'>nihilo</span> <span class='ocrx_word' id='word_1_85' title='bbox 2084 1709 2284 1772; x_wconf 81' lang='lat' dir='ltr'><strong>paene</strong></span> 
     </span>
     <span class='ocr_line' id='line_1_13' title="bbox 4 1793 2285 1878; baseline -0.001 -22"><span class='ocrx_word' id='word_1_86' title='bbox 4 1795 352 1858; x_wconf 81' lang='lat' dir='ltr'><strong>habeatur:</strong></span> <span class='ocrx_word' id='word_1_87' title='bbox 411 1797 694 1877; x_wconf 84' lang='lat' dir='ltr'><strong>quamvis</strong></span> <span class='ocrx_word' id='word_1_88' title='bbox 735 1798 854 1860; x_wconf 89' lang='lat' dir='ltr'><strong>hoc</strong></span> <span class='ocrx_word' id='word_1_89' title='bbox 904 1801 1010 1862; x_wconf 73' lang='lat' dir='ltr'><strong>vel</strong></span> <span class='ocrx_word' id='word_1_90' title='bbox 1063 1799 1368 1864; x_wconf 81' lang='lat' dir='ltr'><strong>maximae</strong></span> <span class='ocrx_word' id='word_1_91' title='bbox 1413 1798 1695 1878; x_wconf 83' lang='lat' dir='ltr'><strong>ipsorum</strong></span> <span class='ocrx_word' id='word_1_92' title='bbox 1736 1795 2058 1858; x_wconf 88' lang='lat' dir='ltr'><strong>hominum</strong></span> <span class='ocrx_word' id='word_1_93' title='bbox 2098 1793 2285 1874; x_wconf 89' lang='lat' dir='ltr'><strong>parti,</strong></span> 
     </span>
     <span class='ocr_line' id='line_1_14' title="bbox 4 1899 2287 1980; baseline 0 -20"><span class='ocrx_word' id='word_1_94' title='bbox 4 1899 168 1980; x_wconf 87' lang='lat' dir='ltr'><strong>quia</strong></span> <span class='ocrx_word' id='word_1_95' title='bbox 205 1901 452 1960; x_wconf 84' lang='lat' dir='ltr'><strong>labente</strong></span> <span class='ocrx_word' id='word_1_96' title='bbox 495 1899 818 1978; x_wconf 83' lang='lat' dir='ltr'><strong>republica</strong></span> <span class='ocrx_word' id='word_1_97' title='bbox 875 1912 940 1959; x_wconf 90' lang='lat' dir='ltr'><strong>et</strong></span> <span class='ocrx_word' id='word_1_98' title='bbox 990 1900 1402 1960; x_wconf 83' lang='lat' dir='ltr'><strong>necessarium</strong></span> <span class='ocrx_word' id='word_1_99' title='bbox 1454 1910 1548 1958; x_wconf 86' lang='lat' dir='ltr'><strong>est</strong></span> <span class='ocrx_word' id='word_1_100' title='bbox 1592 1910 1657 1958; x_wconf 86' lang='lat' dir='ltr'><strong>et</strong></span> <span class='ocrx_word' id='word_1_101' title='bbox 1698 1900 1964 1960; x_wconf 88' lang='lat' dir='ltr'><strong>salutare</strong></span> <span class='ocrx_word' id='word_1_102' title='bbox 1979 1944 1999 1976; x_wconf 93' lang='lat'><strong>,</strong></span> <span class='ocrx_word' id='word_1_103' title='bbox 2060 1899 2287 1962; x_wconf 74' lang='lat' dir='ltr'><strong>verbo-</strong></span> 
     </span>
     <span class='ocr_line' id='line_1_15' title="bbox 0 1997 2287 2084; baseline -0.002 -22"><span class='ocrx_word' id='word_1_104' title='bbox 0 2021 158 2065; x_wconf 84' lang='lat' dir='ltr'><strong>rum</strong></span> <span class='ocrx_word' id='word_1_105' title='bbox 199 2002 404 2082; x_wconf 82' lang='lat' dir='ltr'><strong>specie</strong></span> <span class='ocrx_word' id='word_1_106' title='bbox 446 2003 648 2082; x_wconf 83' lang='lat' dir='ltr'><strong>possit</strong></span> <span class='ocrx_word' id='word_1_107' title='bbox 693 2000 989 2062; x_wconf 87' lang='lat' dir='ltr'><strong>occultari</strong></span> <span class='ocrx_word' id='word_1_108' title='bbox 1017 1997 1090 2084; x_wconf 85' lang='grc'><strong>1).</strong></span> <span class='ocrx_word' id='word_1_109' title='bbox 1173 2001 1390 2080; x_wconf 87' lang='lat' dir='ltr'><strong>Itaque</strong></span> <span class='ocrx_word' id='word_1_110' title='bbox 1428 2017 1720 2078; x_wconf 86' lang='lat' dir='ltr'><strong>magnum</strong></span> <span class='ocrx_word' id='word_1_111' title='bbox 1758 1997 1919 2060; x_wconf 89' lang='lat' dir='ltr'><strong>illud</strong></span> <span class='ocrx_word' id='word_1_112' title='bbox 1960 2011 2287 2076; x_wconf 87' lang='lat' dir='ltr'><strong>certamen,</strong></span> 
     </span>
     <span class='ocr_line' id='line_1_16' title="bbox 0 2098 2290 2184; baseline -0.001 -22"><span class='ocrx_word' id='word_1_113' title='bbox 0 2123 140 2184; x_wconf 88' lang='lat' dir='ltr'><strong>quo</strong></span> <span class='ocrx_word' id='word_1_114' title='bbox 187 2101 538 2180; x_wconf 74' lang='lat' dir='ltr'><strong>respublica</strong></span> <span class='ocrx_word' id='word_1_115' title='bbox 574 2099 722 2162; x_wconf 88' lang='lat' dir='ltr'><strong>inde</strong></span> <span class='ocrx_word' id='word_1_116' title='bbox 769 2103 846 2164; x_wconf 92' lang='lat' dir='ltr'><strong>ab</strong></span> <span class='ocrx_word' id='word_1_117' title='bbox 886 2102 1087 2182; x_wconf 88' lang='lat' dir='ltr'><strong>initio,</strong></span> <span class='ocrx_word' id='word_1_118' title='bbox 1131 2103 1318 2165; x_wconf 78' lang='lat' dir='ltr'><strong>latius</strong></span> <span class='ocrx_word' id='word_1_119' title='bbox 1359 2121 1557 2184; x_wconf 88' lang='lat' dir='ltr'><strong>usque</strong></span> <span class='ocrx_word' id='word_1_120' title='bbox 1591 2098 1951 2182; x_wconf 87' lang='lat' dir='ltr'><strong>procedens,</strong></span> <span class='ocrx_word' id='word_1_121' title='bbox 1995 2113 2059 2160; x_wconf 91' lang='lat' dir='ltr'><strong>et</strong></span> <span class='ocrx_word' id='word_1_122' title='bbox 2102 2099 2290 2160; x_wconf 83' lang='lat' dir='ltr'><strong>colle-</strong></span> 
     </span>
     <span class='ocr_line' id='line_1_17' title="bbox 0 2202 2289 2286; baseline 0 -22"><span class='ocrx_word' id='word_1_123' title='bbox 0 2205 108 2282; x_wconf 82' lang='lat' dir='ltr'><strong>gia</strong></span> <span class='ocrx_word' id='word_1_124' title='bbox 130 2217 218 2265; x_wconf 64' lang='lat' dir='ltr'><strong>‚et</strong></span> <span class='ocrx_word' id='word_1_125' title='bbox 257 2205 528 2284; x_wconf 82' lang='lat' dir='ltr'><strong>singulos</strong></span> <span class='ocrx_word' id='word_1_126' title='bbox 571 2205 766 2282; x_wconf 84' lang='lat' dir='ltr'><strong>magis</strong></span> <span class='ocrx_word' id='word_1_127' title='bbox 806 2209 1122 2286; x_wconf 76' lang='lat' dir='ltr'><strong>magisque</strong></span> <span class='ocrx_word' id='word_1_128' title='bbox 1166 2204 1538 2286; x_wconf 75' lang='lat' dir='ltr'><strong>perdomare</strong></span> <span class='ocrx_word' id='word_1_129' title='bbox 1579 2202 1821 2282; x_wconf 81' lang='lat' dir='ltr'><strong>studet,</strong></span> <span class='ocrx_word' id='word_1_130' title='bbox 1848 2236 1937 2250; x_wconf 92' lang='lat'><strong>—-</strong></span> <span class='ocrx_word' id='word_1_131' title='bbox 1978 2222 2289 2264; x_wconf 89' lang='lat' dir='ltr'><strong>summum</strong></span> 
     </span>
     <span class='ocr_line' id='line_1_18' title="bbox 0 2305 2290 2387; baseline 0 -21"><span class='ocrx_word' id='word_1_132' title='bbox 0 2305 176 2366; x_wconf 85' lang='lat' dir='ltr'><strong>illud</strong></span> <span class='ocrx_word' id='word_1_133' title='bbox 219 2305 480 2387; x_wconf 82' lang='lat' dir='ltr'><strong>quidem</strong></span> <span class='ocrx_word' id='word_1_134' title='bbox 520 2305 811 2384; x_wconf 80' lang='lat' dir='ltr'><strong>politicae</strong></span> <span class='ocrx_word' id='word_1_135' title='bbox 853 2307 1148 2366; x_wconf 80' lang='lat' dir='ltr'><strong>historiae</strong></span> <span class='ocrx_word' id='word_1_136' title='bbox 1190 2320 1590 2384; x_wconf 85' lang='lat' dir='ltr'><strong>momentum,</strong></span> <span class='ocrx_word' id='word_1_137' title='bbox 1632 2305 1741 2368; x_wconf 85' lang='lat' dir='ltr'><strong>sed</strong></span> <span class='ocrx_word' id='word_1_138' title='bbox 1776 2327 1997 2386; x_wconf 86' lang='lat' dir='ltr'><strong>parum</strong></span> <span class='ocrx_word' id='word_1_139' title='bbox 2028 2305 2290 2386; x_wconf 85' lang='lat' dir='ltr'><strong>diligen-</strong></span> 
     </span>
     <span class='ocr_line' id='line_1_19' title="bbox 0 2406 2290 2489; baseline 0 -19"><span class='ocrx_word' id='word_1_140' title='bbox 0 2421 105 2470; x_wconf 88' lang='lat' dir='ltr'><strong>ter</strong></span> <span class='ocrx_word' id='word_1_141' title='bbox 174 2431 215 2468; x_wconf 92' lang='lat' dir='ltr'><strong>a</strong></span> <span class='ocrx_word' id='word_1_142' title='bbox 267 2408 654 2470; x_wconf 81' lang='lat' dir='ltr'><strong>nostratibus</strong></span> <span class='ocrx_word' id='word_1_143' title='bbox 711 2406 910 2468; x_wconf 85' lang='lat' dir='ltr'><strong>adhuc</strong></span> <span class='ocrx_word' id='word_1_144' title='bbox 945 2420 1298 2485; x_wconf 66' lang='lat' dir='ltr'><strong>„tractatum</strong></span> <span class='ocrx_word' id='word_1_145' title='bbox 1348 2444 1434 2456; x_wconf 88' lang='lat'><strong>--</strong></span> <span class='ocrx_word' id='word_1_146' title='bbox 1477 2409 1800 2488; x_wconf 87' lang='lat' dir='ltr'><strong>utriusque</strong></span> <span class='ocrx_word' id='word_1_147' title='bbox 1856 2412 2053 2489; x_wconf 85' lang='lat' dir='ltr'><strong>partis</strong></span> <span class='ocrx_word' id='word_1_148' title='bbox 2111 2431 2290 2472; x_wconf 89' lang='lat' dir='ltr'><strong>ener-</strong></span> 
     </span>
     <span class='ocr_line' id='line_1_20' title="bbox 0 2493 2289 2576; baseline 0 -1"><span class='ocrx_word' id='word_1_149' title='bbox 0 2512 273 2575; x_wconf 79' lang='lat' dir='ltr'><strong>vatione</strong></span> <span class='ocrx_word' id='word_1_150' title='bbox 319 2493 572 2573; x_wconf 87' lang='lat' dir='ltr'><strong>tandem</strong></span> <span class='ocrx_word' id='word_1_151' title='bbox 611 2509 850 2573; x_wconf 86' lang='lat' dir='ltr'><strong>finitur.</strong></span> <span class='ocrx_word' id='word_1_152' title='bbox 951 2513 1123 2574; x_wconf 89' lang='lat' dir='ltr'><strong>Vera</strong></span> <span class='ocrx_word' id='word_1_153' title='bbox 1167 2524 1232 2573; x_wconf 89' lang='lat' dir='ltr'><strong>et</strong></span> <span class='ocrx_word' id='word_1_154' title='bbox 1271 2529 1537 2575; x_wconf 83' lang='lat' dir='ltr'><strong>nervosa</strong></span> <span class='ocrx_word' id='word_1_155' title='bbox 1577 2509 1807 2573; x_wconf 81' lang='lat' dir='ltr'><strong>civium</strong></span> <span class='ocrx_word' id='word_1_156' title='bbox 1830 2511 2097 2575; x_wconf 20' lang='lat' dir='ltr'><strong>*libertas</strong></span> <span class='ocrx_word' id='word_1_157' title='bbox 2141 2525 2289 2576; x_wconf 89' lang='lat' dir='ltr'><strong>tunc</strong></span> 
     </span>
     <span class='ocr_line' id='line_1_21' title="bbox 0 2596 2295 2694; baseline 0.001 -19"><span class='ocrx_word' id='word_1_158' title='bbox 0 2613 417 2694; x_wconf 81' lang='lat' dir='ltr'><strong>opprimatur</strong></span> <span class='ocrx_word' id='word_1_159' title='bbox 455 2635 702 2677; x_wconf 85' lang='lat' dir='ltr'><strong>necesse</strong></span> <span class='ocrx_word' id='word_1_160' title='bbox 747 2625 859 2677; x_wconf 85' lang='lat' dir='ltr'><strong>est.</strong></span> <span class='ocrx_word' id='word_1_161' title='bbox 903 2647 988 2663; x_wconf 84' lang='lat'><strong>--</strong></span> <span class='ocrx_word' id='word_1_162' title='bbox 1061 2614 1164 2679; x_wconf 80' lang='lat' dir='ltr'><strong>Sic</strong></span> <span class='ocrx_word' id='word_1_163' title='bbox 1209 2616 1672 2677; x_wconf 85' lang='lat' dir='ltr'><strong>Platonicorum</strong></span> <span class='ocrx_word' id='word_1_164' title='bbox 1712 2596 2295 2693; x_wconf 80' lang='lat' dir='ltr'><strong>magistratuum</strong></span> 
     </span>
     <span class='ocr_line' id='line_1_22' title="bbox 0 2714 2289 2799; baseline 0.001 -22"><span class='ocrx_word' id='word_1_165' title='bbox 0 2714 490 2793; x_wconf 86' lang='lat' dir='ltr'><strong>dominatio,.</strong></span> <span class='ocrx_word' id='word_1_166' title='bbox 527 2717 720 2777; x_wconf 86' lang='lat' dir='ltr'><strong>nullis</strong></span> <span class='ocrx_word' id='word_1_167' title='bbox 759 2720 946 2797; x_wconf 89' lang='lat' dir='ltr'><strong>plane</strong></span> <span class='ocrx_word' id='word_1_168' title='bbox 991 2717 1455 2799; x_wconf 82' lang='lat' dir='ltr'><strong>circumscripta</strong></span> <span class='ocrx_word' id='word_1_169' title='bbox 1494 2716 1808 2794; x_wconf 89' lang='lat' dir='ltr'><strong>terminis,</strong></span> <span class='ocrx_word' id='word_1_170' title='bbox 1864 2716 1989 2775; x_wconf 85' lang='lat' dir='ltr'><strong>iam</strong></span> <span class='ocrx_word' id='word_1_171' title='bbox 2030 2736 2067 2777; x_wconf 91' lang='lat' dir='ltr'><strong>a</strong></span> <span class='ocrx_word' id='word_1_172' title='bbox 2102 2718 2289 2779; x_wconf 77' lang='lat' dir='ltr'><strong>Mon·</strong></span> 
     </span>
     <span class='ocr_line' id='line_1_23' title="bbox 0 2816 2287 2915; baseline 0.001 -34"><span class='ocrx_word' id='word_1_173' title='bbox 0 2839 414 2915; x_wconf 42' lang='lat' dir='ltr'><strong>elens&#39;rnnmo&#39;</strong></span> <span class='ocrx_word' id='word_1_174' title='bbox 442 2816 512 2901; x_wconf 86' lang='lat' dir='ltr'><strong>(l.</strong></span> <span class='ocrx_word' id='word_1_175' title='bbox 541 2821 596 2901; x_wconf 65' lang='lat' dir='ltr'><strong>,L</strong></span> <span class='ocrx_word' id='word_1_176' title='bbox 643 2842 708 2899; x_wconf 85' lang='lat' dir='ltr'><strong>p.</strong></span> <span class='ocrx_word' id='word_1_177' title='bbox 739 2824 890 2882; x_wconf 78' lang='lat'><strong>182.</strong></span> <span class='ocrx_word' id='word_1_178' title='bbox 940 2818 1112 2906; x_wconf 75' lang='lat'>197.)</span> <span class='ocrx_word' id='word_1_179' title='bbox 1162 2820 1517 2901; x_wconf 74' lang='lat' dir='ltr'><strong>vituperata</strong></span> <span class='ocrx_word' id='word_1_180' title='bbox 1562 2831 1674 2880; x_wconf 87' lang='lat' dir='ltr'><strong>est.</strong></span> <span class='ocrx_word' id='word_1_181' title='bbox 1774 2817 2062 2898; x_wconf 87' lang='lat' dir='ltr'><strong>Accedit,</strong></span> <span class='ocrx_word' id='word_1_182' title='bbox 2114 2820 2287 2903; x_wconf 88' lang='lat' dir='ltr'><strong>quod</strong></span> 
     </span>
     <span class='ocr_line' id='line_1_24' title="bbox 0 2919 2287 3005; baseline 0.003 -26"><span class='ocrx_word' id='word_1_183' title='bbox 0 2920 140 3000; x_wconf 78' lang='lat' dir='ltr'><strong>ipse</strong></span> <span class='ocrx_word' id='word_1_184' title='bbox 169 2919 588 3001; x_wconf 86' lang='lat' dir='ltr'><strong>philosophus</strong></span> <span class='ocrx_word' id='word_1_185' title='bbox 619 2923 903 3000; x_wconf 86' lang='lat' dir='ltr'><strong>pluribus</strong></span> <span class='ocrx_word' id='word_1_186' title='bbox 935 2924 1086 2984; x_wconf 91' lang='lat' dir='ltr'><strong>locis</strong></span> <span class='ocrx_word' id='word_1_187' title='bbox 1116 2922 1467 3005; x_wconf 82' lang='lat' dir='ltr'><strong>profitetur,</strong></span> <span class='ocrx_word' id='word_1_188' title='bbox 1496 2942 1625 2983; x_wconf 87' lang='lat' dir='ltr'><strong>non</strong></span> <span class='ocrx_word' id='word_1_189' title='bbox 1648 2921 2030 2999; x_wconf 85' lang='lat' dir='ltr'><strong>singulorum</strong></span> <span class='ocrx_word' id='word_1_190' title='bbox 2051 2925 2287 3004; x_wconf 87' lang='lat' dir='ltr'><strong>quaeri,</strong></span> 
     </span>
     <span class='ocr_line' id='line_1_25' title="bbox 0 3023 2289 3107; baseline 0.002 -22"><span class='ocrx_word' id='word_1_191' title='bbox 0 3023 110 3085; x_wconf 80' lang='lat' dir='ltr'><strong>sed</strong></span> <span class='ocrx_word' id='word_1_192' title='bbox 175 3024 378 3083; x_wconf 85' lang='lat' dir='ltr'><strong>totius</strong></span> <span class='ocrx_word' id='word_1_193' title='bbox 435 3023 819 3105; x_wconf 85' lang='lat' dir='ltr'><strong>reipublicae</strong></span> <span class='ocrx_word' id='word_1_194' title='bbox 869 3024 1226 3089; x_wconf 84' lang='lat' dir='ltr'><strong>felicitatem</strong></span> <span class='ocrx_word' id='word_1_195' title='bbox 1239 3047 1260 3105; x_wconf 85' lang='lat'>3</span> <span class='ocrx_word' id='word_1_196' title='bbox 1297 3037 1388 3107; x_wconf 21' lang='lat' dir='ltr'><strong>„ut</strong></span> <span class='ocrx_word' id='word_1_197' title='bbox 1429 3025 1499 3085; x_wconf 86' lang='lat' dir='ltr'><strong>in</strong></span> <span class='ocrx_word' id='word_1_198' title='bbox 1543 3026 1813 3085; x_wconf 82' lang='lat' dir='ltr'><strong>humano</strong></span> <span class='ocrx_word' id='word_1_199' title='bbox 1854 3042 2116 3103; x_wconf 76' lang='lat' dir='ltr'><strong>corpore</strong></span> <span class='ocrx_word' id='word_1_200' title='bbox 2158 3047 2289 3089; x_wconf 88' lang='lat' dir='ltr'><strong>non</strong></span> 
     </span>
     <span class='ocr_line' id='line_1_26' title="bbox 0 3124 2288 3213; baseline 0.002 -25"><span class='ocrx_word' id='word_1_201' title='bbox 0 3126 284 3189; x_wconf 87' lang='lat' dir='ltr'><strong>membri</strong></span> <span class='ocrx_word' id='word_1_202' title='bbox 335 3124 684 3204; x_wconf 85' lang='lat' dir='ltr'><strong>cuiusdam,</strong></span> <span class='ocrx_word' id='word_1_203' title='bbox 750 3125 863 3188; x_wconf 90' lang='lat' dir='ltr'><strong>sed</strong></span> <span class='ocrx_word' id='word_1_204' title='bbox 915 3129 1107 3191; x_wconf 86' lang='lat' dir='ltr'><strong>totius</strong></span> <span class='ocrx_word' id='word_1_205' title='bbox 1152 3128 1430 3213; x_wconf 83' lang='lat' dir='ltr'><strong>corporis</strong></span> <span class='ocrx_word' id='word_1_206' title='bbox 1476 3124 1771 3213; x_wconf 85' lang='lat' dir='ltr'><strong>valetudo</strong></span> <span class='ocrx_word' id='word_1_207' title='bbox 1812 3127 2167 3206; x_wconf 86' lang='lat' dir='ltr'><strong>quaerenda</strong></span> <span class='ocrx_word' id='word_1_208' title='bbox 2206 3131 2288 3193; x_wconf 88' lang='lat' dir='ltr'><strong>sit</strong></span> 
     </span>
     <span class='ocr_line' id='line_1_27' title="bbox 0 3224 2287 3316; baseline 0.001 -24"><span class='ocrx_word' id='word_1_209' title='bbox 0 3227 123 3316; x_wconf 79' lang='lat' dir='ltr'><strong>[De</strong></span> <span class='ocrx_word' id='word_1_210' title='bbox 178 3248 324 3311; x_wconf 84' lang='lat' dir='ltr'><strong>rep.</strong></span> <span class='ocrx_word' id='word_1_211' title='bbox 364 3230 476 3289; x_wconf 90' lang='lat' dir='ltr'><strong>IV.</strong></span> <span class='ocrx_word' id='word_1_212' title='bbox 517 3252 580 3311; x_wconf 89' lang='lat' dir='ltr'><strong>p.</strong></span> <span class='ocrx_word' id='word_1_213' title='bbox 603 3235 731 3293; x_wconf 83' lang='lat'><strong>420</strong></span> <span class='ocrx_word' id='word_1_214' title='bbox 759 3233 836 3293; x_wconf 89' lang='grc' dir='ltr'><strong>Β.</strong></span> <span class='ocrx_word' id='word_1_215' title='bbox 923 3231 1019 3294; x_wconf 87' lang='lat' dir='ltr'><strong>cf.</strong></span> <span class='ocrx_word' id='word_1_216' title='bbox 1057 3234 1250 3295; x_wconf 86' lang='lat' dir='ltr'><strong>Arist.</strong></span> <span class='ocrx_word' id='word_1_217' title='bbox 1292 3234 1428 3296; x_wconf 88' lang='lat' dir='ltr'><strong>Pol.</strong></span> <span class='ocrx_word' id='word_1_218' title='bbox 1464 3231 1539 3308; x_wconf 89' lang='lat'><strong>11,</strong></span> <span class='ocrx_word' id='word_1_219' title='bbox 1576 3234 1637 3306; x_wconf 89' lang='lat'><strong>2,</strong></span> <span class='ocrx_word' id='word_1_220' title='bbox 1686 3224 1831 3313; x_wconf 86' lang='lat'>16.).</span> <span class='ocrx_word' id='word_1_221' title='bbox 1918 3228 2287 3309; x_wconf 87' lang='lat' dir='ltr'><strong>Saepissime</strong></span> 
     </span>
     <span class='ocr_line' id='line_1_28' title="bbox 0 3318 2288 3416; baseline 0.002 -22"><span class='ocrx_word' id='word_1_222' title='bbox 0 3336 188 3395; x_wconf 85' lang='lat' dir='ltr'><strong>Plato</strong></span> <span class='ocrx_word' id='word_1_223' title='bbox 209 3376 231 3409; x_wconf 86' lang='lat'><strong>,</strong></span> <span class='ocrx_word' id='word_1_224' title='bbox 275 3330 650 3409; x_wconf 85' lang='lat' dir='ltr'><strong>reipublicae</strong></span> <span class='ocrx_word' id='word_1_225' title='bbox 695 3328 1290 3413; x_wconf 84' lang='lat' dir='ltr'><strong>administratorem,</strong></span> <span class='ocrx_word' id='word_1_226' title='bbox 1341 3336 1462 3411; x_wconf 90' lang='lat' dir='ltr'><strong>ait,</strong></span> <span class='ocrx_word' id='word_1_227' title='bbox 1506 3344 1568 3394; x_wconf 89' lang='lat' dir='ltr'><strong>et</strong></span> <span class='ocrx_word' id='word_1_228' title='bbox 1610 3331 1847 3409; x_wconf 84' lang='lat' dir='ltr'><strong>legibus</strong></span> <span class='ocrx_word' id='word_1_229' title='bbox 1897 3318 2025 3392; x_wconf 87' lang='lat' dir='ltr'><strong>esse</strong></span> <span class='ocrx_word' id='word_1_230' title='bbox 2069 3347 2131 3395; x_wconf 88' lang='lat' dir='ltr'><strong>et</strong></span> <span class='ocrx_word' id='word_1_231' title='bbox 2172 3355 2288 3416; x_wconf 86' lang='lat' dir='ltr'><strong>po-</strong></span> 
     </span>
     <span class='ocr_line' id='line_1_29' title="bbox 0 3415 2287 3521; baseline 0.001 -24"><span class='ocrx_word' id='word_1_232' title='bbox 0 3438 134 3516; x_wconf 70' lang='lat' dir='ltr'><strong>puli</strong></span> <span class='ocrx_word' id='word_1_233' title='bbox 168 3434 506 3497; x_wconf 79' lang='lat' dir='ltr'><strong>voluntate</strong></span> <span class='ocrx_word' id='word_1_234' title='bbox 538 3433 978 3521; x_wconf 77' lang='lat' dir='ltr'><strong>desideriisque</strong></span> <span class='ocrx_word' id='word_1_235' title='bbox 1009 3440 1412 3521; x_wconf 86' lang='lat' dir='ltr'><strong>superiorem,</strong></span> <span class='ocrx_word' id='word_1_236' title='bbox 1456 3434 1671 3499; x_wconf 86' lang='lat' dir='ltr'><strong>eadem</strong></span> <span class='ocrx_word' id='word_1_237' title='bbox 1698 3415 1831 3496; x_wconf 76' lang='lat' dir='ltr'><strong>&#39;fere</strong></span> <span class='ocrx_word' id='word_1_238' title='bbox 1860 3436 2118 3515; x_wconf 89' lang='lat' dir='ltr'><strong>ratione,</strong></span> <span class='ocrx_word' id='word_1_239' title='bbox 2162 3459 2287 3520; x_wconf 88' lang='lat' dir='ltr'><strong>qua</strong></span> 
     </span>
     <span class='ocr_line' id='line_1_30' title="bbox 0 3535 2287 3621; baseline 0.001 -21"><span class='ocrx_word' id='word_1_240' title='bbox 0 3540 182 3601; x_wconf 65' lang='lat' dir='ltr'><strong>mavis</strong></span> <span class='ocrx_word' id='word_1_241' title='bbox 235 3538 637 3619; x_wconf 78' lang='lat' dir='ltr'><strong>gubernatori</strong></span> <span class='ocrx_word' id='word_1_242' title='bbox 677 3552 1022 3621; x_wconf 80' lang='lat' dir='ltr'><strong>nautarum,</strong></span> <span class='ocrx_word' id='word_1_243' title='bbox 1067 3541 1306 3603; x_wconf 86' lang='lat' dir='ltr'><strong>medico</strong></span> <span class='ocrx_word' id='word_1_244' title='bbox 1337 3538 1790 3621; x_wconf 86' lang='lat' dir='ltr'><strong>aegrotantium</strong></span> <span class='ocrx_word' id='word_1_245' title='bbox 1820 3535 2122 3601; x_wconf 88' lang='lat' dir='ltr'><strong>desideria</strong></span> <span class='ocrx_word' id='word_1_246' title='bbox 2156 3562 2287 3602; x_wconf 87' lang='lat' dir='ltr'><strong>non</strong></span> 
     </span>
     <span class='ocr_line' id='line_1_31' title="bbox 0 3628 2284 3732; baseline 0.002 -29"><span class='ocrx_word' id='word_1_247' title='bbox 0 3644 123 3731; x_wconf 55' lang='lat' dir='ltr'><strong>{int</strong></span> <span class='ocrx_word' id='word_1_248' title='bbox 172 3640 571 3729; x_wconf 77' lang='lat' dir='ltr'><strong>respicienda</strong></span> <span class='ocrx_word' id='word_1_249' title='bbox 609 3628 923 3729; x_wconf 64' lang='lat' dir='ltr'><strong>(Polit.&#39;‘p.</strong></span> <span class='ocrx_word' id='word_1_250' title='bbox 945 3648 1070 3707; x_wconf 83' lang='lat'><strong>294</strong></span> <span class='ocrx_word' id='word_1_251' title='bbox 1101 3666 1195 3727; x_wconf 84' lang='lat' dir='ltr'><strong>sq.</strong></span> <span class='ocrx_word' id='word_1_252' title='bbox 1239 3646 1386 3707; x_wconf 83' lang='lat'><strong>298.</strong></span> <span class='ocrx_word' id='word_1_253' title='bbox 1454 3644 1555 3705; x_wconf 80' lang='lat' dir='ltr'><strong>De</strong></span> <span class='ocrx_word' id='word_1_254' title='bbox 1589 3644 1747 3721; x_wconf 84' lang='lat' dir='ltr'><strong>legg.</strong></span> <span class='ocrx_word' id='word_1_255' title='bbox 1786 3642 1889 3704; x_wconf 92' lang='grc' dir='ltr'><strong>ΠΙ.</strong></span> <span class='ocrx_word' id='word_1_256' title='bbox 1929 3645 2144 3723; x_wconf 78' lang='grc' dir='ltr'><strong>Ρ..684</strong></span> <span class='ocrx_word' id='word_1_257' title='bbox 2166 3642 2284 3732; x_wconf 75' lang='lat' dir='ltr'>C.)-</span> 
     </span>
    </p>
   </div>
   <div class='ocr_carea' id='block_1_4' title="bbox 20 3804 2287 4599">
    <p class='ocr_par' dir='ltr' id='par_1_4' title="bbox 20 3804 2287 4149">
     <span class='ocr_line' id='line_1_32' title="bbox 20 3804 2287 3884; baseline -0.003 -17"><span class='ocrx_word' id='word_1_258' title='bbox 20 3812 94 3884; x_wconf 84' lang='lat'><strong>1)</strong></span> <span class='ocrx_word' id='word_1_259' title='bbox 141 3804 312 3865; x_wconf 75' lang='lat' dir='ltr'><strong>Coll&#39;e</strong></span> <span class='ocrx_word' id='word_1_260' title='bbox 351 3812 423 3879; x_wconf 79' lang='lat' dir='ltr'><strong>‘a,&#39;</strong></span> <span class='ocrx_word' id='word_1_261' title='bbox 455 3808 638 3884; x_wconf 74' lang='lat' dir='ltr'><strong>quusii&#39;</strong></span> <span class='ocrx_word' id='word_1_262' title='bbox 659 3806 924 3879; x_wconf 76' lang='lat' dir='ltr'><strong>difficilius</strong></span> <span class='ocrx_word' id='word_1_263' title='bbox 956 3808 1056 3865; x_wconf 89' lang='lat' dir='ltr'><strong>hac</strong></span> <span class='ocrx_word' id='word_1_264' title='bbox 1089 3810 1146 3863; x_wconf 89' lang='lat' dir='ltr'><strong>in</strong></span> <span class='ocrx_word' id='word_1_265' title='bbox 1182 3828 1241 3864; x_wconf 85' lang='lat' dir='ltr'><strong>re</strong></span> <span class='ocrx_word' id='word_1_266' title='bbox 1277 3809 1544 3877; x_wconf 77' lang='lat' dir='ltr'><strong>fallantur,</strong></span> <span class='ocrx_word' id='word_1_267' title='bbox 1582 3806 1878 3881; x_wconf 84' lang='lat' dir='ltr'><strong>respublica</strong></span> <span class='ocrx_word' id='word_1_268' title='bbox 1914 3805 2046 3860; x_wconf 82' lang='lat' dir='ltr'><strong>solet</strong></span> <span class='ocrx_word' id='word_1_269' title='bbox 2074 3808 2154 3861; x_wconf 79' lang='lat' dir='ltr'><strong>vel</strong></span> <span class='ocrx_word' id='word_1_270' title='bbox 2178 3808 2287 3861; x_wconf 80' lang='lat' dir='ltr'><strong>dis-</strong></span> 
     </span>
     <span class='ocr_line' id='line_1_33' title="bbox 141 3892 2285 3965; baseline -0.002 -12"><span class='ocrx_word' id='word_1_271' title='bbox 141 3898 358 3953; x_wconf 65' lang='lat' dir='ltr'><strong>solvere</strong></span> <span class='ocrx_word' id='word_1_272' title='bbox 393 3898 472 3953; x_wconf 69' lang='lat' dir='ltr'><strong>vel</strong></span> <span class='ocrx_word' id='word_1_273' title='bbox 509 3892 642 3953; x_wconf 73' lang='lat' dir='ltr'><strong>adeo</strong></span> <span class='ocrx_word' id='word_1_274' title='bbox 683 3896 984 3965; x_wconf 78' lang='lat' dir='ltr'><strong>debilitare,</strong></span> <span class='ocrx_word' id='word_1_275' title='bbox 1032 3910 1092 3953; x_wconf 83' lang='lat' dir='ltr'><strong>ut</strong></span> <span class='ocrx_word' id='word_1_276' title='bbox 1123 3900 1218 3953; x_wconf 74' lang='lat' dir='ltr'><strong>vix·</strong></span> <span class='ocrx_word' id='word_1_277' title='bbox 1237 3916 1438 3953; x_wconf 87' lang='lat' dir='ltr'><strong>nomen</strong></span> <span class='ocrx_word' id='word_1_278' title='bbox 1476 3918 1661 3951; x_wconf 87' lang='lat' dir='ltr'><strong>eorum</strong></span> <span class='ocrx_word' id='word_1_279' title='bbox 1702 3897 1863 3951; x_wconf 85' lang='lat' dir='ltr'><strong>inane</strong></span> <span class='ocrx_word' id='word_1_280' title='bbox 1895 3907 2177 3951; x_wconf 85' lang='lat' dir='ltr'><strong>remaneat.</strong></span> <span class='ocrx_word' id='word_1_281' title='bbox 2212 3926 2285 3936; x_wconf 89' lang='lat'><strong>—-</strong></span> 
     </span>
     <span class='ocr_line' id='line_1_34' title="bbox 146 3970 2284 4063; baseline 0 -22"><span class='ocrx_word' id='word_1_282' title='bbox 146 3986 416 4041; x_wconf 85' lang='lat' dir='ltr'><strong>Ceterum</strong></span> <span class='ocrx_word' id='word_1_283' title='bbox 453 4008 552 4043; x_wconf 90' lang='lat' dir='ltr'><strong>cur</strong></span> <span class='ocrx_word' id='word_1_284' title='bbox 597 3970 746 4059; x_wconf 56' lang='lat' dir='ltr'><strong>atiud</strong></span> <span class='ocrx_word' id='word_1_285' title='bbox 787 3986 1022 4040; x_wconf 81' lang='lat' dir='ltr'><strong>Graecos</strong></span> <span class='ocrx_word' id='word_1_286' title='bbox 1065 3988 1438 4063; x_wconf 85' lang='lat' dir='ltr'><strong>Romanosque</strong></span> <span class='ocrx_word' id='word_1_287' title='bbox 1486 3986 1713 4041; x_wconf 78' lang='lat' dir='ltr'><strong>civitates</strong></span> <span class='ocrx_word' id='word_1_288' title='bbox 1756 3986 2061 4052; x_wconf 82' lang='lat' dir='ltr'><strong>floruerint,</strong></span> <span class='ocrx_word' id='word_1_289' title='bbox 2116 4006 2284 4058; x_wconf 89' lang='lat' dir='ltr'><strong>quum</strong></span> 
     </span>
     <span class='ocr_line' id='line_1_35' title="bbox 135 4067 2285 4149; baseline -0.002 -18"><span class='ocrx_word' id='word_1_290' title='bbox 135 4092 413 4147; x_wconf 82' lang='lat' dir='ltr'><strong>magnam</strong></span> <span class='ocrx_word' id='word_1_291' title='bbox 452 4067 846 4147; x_wconf 74' lang='lat' dir='ltr'><strong>praepotentiae</strong></span> <span class='ocrx_word' id='word_1_292' title='bbox 883 4075 1022 4130; x_wconf 83' lang='lat' dir='ltr'><strong>illius</strong></span> <span class='ocrx_word' id='word_1_293' title='bbox 1057 4082 1261 4149; x_wconf 73' lang='lat' dir='ltr'><strong>partem</strong></span> <span class='ocrx_word' id='word_1_294' title='bbox 1297 4080 1405 4132; x_wconf 85' lang='lat' dir='ltr'><strong>iam</strong></span> <span class='ocrx_word' id='word_1_295' title='bbox 1440 4087 1702 4131; x_wconf 81' lang='lat' dir='ltr'><strong>assecutae</strong></span> <span class='ocrx_word' id='word_1_296' title='bbox 1737 4087 1932 4141; x_wconf 81' lang='lat' dir='ltr'><strong>essent,</strong></span> <span class='ocrx_word' id='word_1_297' title='bbox 1982 4092 2167 4128; x_wconf 82' lang='lat' dir='ltr'><strong>causae</strong></span> <span class='ocrx_word' id='word_1_298' title='bbox 2200 4074 2285 4128; x_wconf 79' lang='lat' dir='ltr'><strong>fa—</strong></span> 
     </span>
    </p>

    <p class='ocr_par' dir='ltr' id='par_1_5' title="bbox 83 4156 2287 4599">
     <span class='ocr_line' id='line_1_36' title="bbox 83 4156 2284 4241; baseline -0.001 -21"><span class='ocrx_word' id='word_1_299' title='bbox 83 4156 88 4161; x_wconf 40' lang='lat'><em>*</em></span> <span class='ocrx_word' id='word_1_300' title='bbox 143 4163 266 4220; x_wconf 74' lang='lat' dir='ltr'><strong>cite</strong></span> <span class='ocrx_word' id='word_1_301' title='bbox 301 4162 681 4235; x_wconf 82' lang='lat' dir='ltr'><strong>intelliguntur.</strong></span> <span class='ocrx_word' id='word_1_302' title='bbox 753 4164 1045 4221; x_wconf 80' lang='lat' dir='ltr'><strong>Mediocris</strong></span> <span class='ocrx_word' id='word_1_303' title='bbox 1085 4168 1334 4223; x_wconf 80' lang='lat' dir='ltr'><strong>territorii</strong></span> <span class='ocrx_word' id='word_1_304' title='bbox 1377 4166 1691 4241; x_wconf 85' lang='lat' dir='ltr'><strong>magnitudo</strong></span> <span class='ocrx_word' id='word_1_305' title='bbox 1726 4176 1781 4220; x_wconf 85' lang='lat' dir='ltr'><strong>et</strong></span> <span class='ocrx_word' id='word_1_306' title='bbox 1812 4182 2029 4237; x_wconf 80' lang='lat' dir='ltr'><strong>parvus,</strong></span> <span class='ocrx_word' id='word_1_307' title='bbox 2076 4162 2119 4215; x_wconf 86' lang='lat' dir='ltr'><strong>si</strong></span> <span class='ocrx_word' id='word_1_308' title='bbox 2161 4182 2284 4217; x_wconf 87' lang='lat' dir='ltr'><strong>cum</strong></span> 
     </span>
     <span class='ocr_line' id='line_1_37' title="bbox 142 4249 2285 4331; baseline -0.002 -23"><span class='ocrx_word' id='word_1_309' title='bbox 142 4256 324 4309; x_wconf 75' lang='lat' dir='ltr'><strong>servis</strong></span> <span class='ocrx_word' id='word_1_310' title='bbox 372 4257 739 4326; x_wconf 73' lang='lat' dir='ltr'><strong>comparatur,</strong></span> <span class='ocrx_word' id='word_1_311' title='bbox 801 4258 993 4311; x_wconf 77' lang='lat' dir='ltr'><strong>civium</strong></span> <span class='ocrx_word' id='word_1_312' title='bbox 1041 4251 1306 4313; x_wconf 66' lang='lat' dir='ltr'><strong>numerus¹</strong></span> <span class='ocrx_word' id='word_1_313' title='bbox 1341 4258 1484 4331; x_wconf 84' lang='lat' dir='ltr'><strong>apud</strong></span> <span class='ocrx_word' id='word_1_314' title='bbox 1534 4256 1769 4309; x_wconf 80' lang='lat' dir='ltr'><strong>Graecos</strong></span> <span class='ocrx_word' id='word_1_315' title='bbox 1810 4254 1981 4323; x_wconf 82' lang='lat' dir='ltr'><strong>ipsam</strong></span> <span class='ocrx_word' id='word_1_316' title='bbox 2026 4249 2285 4304; x_wconf 79' lang='lat' dir='ltr'><strong>civitatem</strong></span> 
     </span>
     <span class='ocr_line' id='line_1_38' title="bbox 141 4332 2286 4420; baseline -0.002 -23"><span class='ocrx_word' id='word_1_317' title='bbox 141 4362 361 4415; x_wconf 85' lang='lat' dir='ltr'><strong>magno</strong></span> <span class='ocrx_word' id='word_1_318' title='bbox 417 4343 564 4417; x_wconf 85' lang='lat' dir='ltr'><strong>quasi</strong></span> <span class='ocrx_word' id='word_1_319' title='bbox 623 4334 847 4417; x_wconf 80' lang='lat' dir='ltr'><strong>collegio</strong></span> <span class='ocrx_word' id='word_1_320' title='bbox 902 4346 1224 4420; x_wconf 82' lang='lat' dir='ltr'><strong>persimilem</strong></span> <span class='ocrx_word' id='word_1_321' title='bbox 1271 4348 1589 4411; x_wconf 79' lang='lat' dir='ltr'><strong>reddebant3</strong></span> <span class='ocrx_word' id='word_1_322' title='bbox 1654 4344 1784 4396; x_wconf 83' lang='lat' dir='ltr'><strong>dum</strong></span> <span class='ocrx_word' id='word_1_323' title='bbox 1831 4340 1973 4413; x_wconf 85' lang='lat' dir='ltr'><strong>apud</strong></span> <span class='ocrx_word' id='word_1_324' title='bbox 2012 4332 2286 4393; x_wconf 56' lang='lat' dir='ltr'><strong>&#39;Romanos</strong></span> 
     </span>
     <span class='ocr_line' id='line_1_39' title="bbox 137 4429 2287 4506; baseline -0.002 -21"><span class='ocrx_word' id='word_1_325' title='bbox 137 4432 374 4487; x_wconf 73' lang='lat' dir='ltr'><strong>ruodica</strong></span> <span class='ocrx_word' id='word_1_326' title='bbox 419 4444 472 4487; x_wconf 78' lang='lat' dir='ltr'><strong>et</strong></span> <span class='ocrx_word' id='word_1_327' title='bbox 513 4433 931 4506; x_wconf 79' lang='lat' dir='ltr'><strong>municipiorum</strong></span> <span class='ocrx_word' id='word_1_328' title='bbox 969 4448 1021 4493; x_wconf 84' lang='lat' dir='ltr'><strong>et</strong></span> <span class='ocrx_word' id='word_1_329' title='bbox 1063 4438 1332 4493; x_wconf 83' lang='lat' dir='ltr'><strong>sociorum</strong></span> <span class='ocrx_word' id='word_1_330' title='bbox 1367 4438 1580 4492; x_wconf 79' lang='lat' dir='ltr'><strong>libertas</strong></span> <span class='ocrx_word' id='word_1_331' title='bbox 1629 4431 1954 4505; x_wconf 82' lang='lat' dir='ltr'><strong>reipublicae</strong></span> <span class='ocrx_word' id='word_1_332' title='bbox 1984 4429 2183 4502; x_wconf 80' lang='lat' dir='ltr'><strong>illam,-</strong></span> <span class='ocrx_word' id='word_1_333' title='bbox 2226 4438 2287 4482; x_wconf 82' lang='lat' dir='ltr'><strong>ut</strong></span> 
     </span>
     <span class='ocr_line' id='line_1_40' title="bbox 140 4523 1440 4599; baseline 0.002 -21"><span class='ocrx_word' id='word_1_334' title='bbox 140 4526 238 4578; x_wconf 80' lang='lat' dir='ltr'><strong>ita</strong></span> <span class='ocrx_word' id='word_1_335' title='bbox 275 4523 956 4594; x_wconf 75' lang='lat' dir='ltr'><strong>dicam,·.0mnipotentiam</strong></span> <span class='ocrx_word' id='word_1_336' title='bbox 991 4526 1085 4579; x_wconf 89' lang='lat' dir='ltr'><strong>diu</strong></span> <span class='ocrx_word' id='word_1_337' title='bbox 1109 4526 1440 4599; x_wconf 68' lang='lat' dir='ltr'><strong>,prohibebat-</strong></span> 
     </span>
    </p>
   </div>
   <div class='ocr_carea' id='block_1_5' title="bbox 1698 4574 1753 4681">
    <p class='ocr_par' dir='ltr' id='par_1_6' title="bbox 1698 4574 1753 4681">
     <span class='ocr_line' id='line_1_41' title="bbox 1698 4574 1753 4681; baseline 0 -100"><span class='ocrx_word' id='word_1_338' title='bbox 1698 4574 1753 4681; x_wconf 67' lang='lat'><strong>3.</strong></span> 
     </span>
    </p>
   </div>
  </div>
 </body>
</html>
