2902 5099
1249 357 1356 432 20,

158 557 360 621 paene
409 541 598 623 atque
651 532 926 634 inutiliai
951 533 1395 616 increpuerunt
1453 529 1733 620 Platonis
1800 529 2041 596 somnia
2059 527 2113 618 ¹)
2126 574 2147 610 ,
2200 549 2421 606 ⁸verum

153 643 294 725 ipse
338 661 589 726 quoque
628 642 805 704 Plato
839 638 1112 710 ‚civitatis
1171 657 1316 710 suae
1371 634 1851 720 descriptionem
1898 638 2167 700 fabulam
2200 657 2423 718 ,quan-

156 744 306 807 dam
369 745 494 830 (De
544 767 677 827 rep.
733 745 810 808 H.
870 767 937 827 p.
979 744 1104 806 376
1145 737 1258 825 D.)
1324 751 1386 801 et
1447 733 1825 824 παράδοξον
1890 735 2092 824 λόγον
2156 737 2269 830 (lb.
2334 741 2421 803 V.

41 873 50 880 ·
133 871 224 931 Ρ.
269 850 394 911 472
435 846 536 935 Α.)
573 869 701 910 esse
744 847 1013 923 iocatur,
1071 862 1308 913 novum
1347 845 1600 921 'prorsus
1665 851 1849 924 atque
1890 840 2239 905 inauditum
2294 841 2417 928 (De

149 955 312 1033 legg.
355 952 489 1015 VII.
533 973 600 1032 p.
645 953 770 1014 799
812 950 928 1012 D..
957 947 1126 1013 VIII.
1149 968 1231 1025 p.
1263 947 1386 1007 828
1422 944 1485 1008 D
1490 942 1556 1029 .).
1596 975 1691 992 --
1738 945 1871 1025 Ego
1912 957 2121 1008 tamen
2164 944 2419 1009 demon-

149 1055 341 1118 strari
379 1072 564 1140 posse
607 1070 823 1118 censeo
839 1095 858 1130 ,
900 1050 1083 1140 istam
1128 1047 1408 1112 Platonis
1444 1049 1895 1148 rempublicam
1946 1048 2231 1132 omnibus
2284 1051 2416 1112 fere

148 1158 436 1239 partibus
497 1157 889 1219 simulacrum
919 1151 1132 1241 quasi
1150 1172 1278 1213 esse
1333 1170 1464 1212 ιιοιι
1506 1134 1733 1233 solum
1775 1123 2145 1214 Graecarum
2202 1149 2418 1214 civita-

147 1262 312 1323 tium
377 1259 629 1321 omnino
643 1303 663 1336 ‚
723 1252 831 1348 sed
905 1257 1208 1339 ipsarum,
1286 1227 1499 1337 quales
1565 1220 1843 1348 Platdnis
1906 1267 2103 1316 aetate
2160 1255 2415 1323 fuerint.

147 1363 393 1448 Quare,
435 1383 592 1446 quae
634 1337 806 1454 acute
837 1355 1188 1424 observavit
1221 1338 1713 1446 Μοιιιιῑιιεπιιιι,
1690 1379 1883 1475 {gesse
1906 1375 2191 1437 magnam
2222 1379 2417 1440 quan.

147 1463 293 1528 dam
333 1465 681 1527 Platonicae
745 1459 1122 1545 reipublicae
1182 1481 1320 1524 cum
1373 1439 2001 1536 Lacedaemoniorum
2062 1456 2417 1526 similitudi-

144 1589 293 1664 nem
315 1565 372 1655 2)
385 1613 406 1648 ,
470 1580 767 1650 tanquam
804 1566 873 1626 in
911 1565 1132 1654 vulgus
1172 1574 1351 1640 nota,
1411 1562 1598 1624 missa
1635 1561 1873 1624 faciam.
1977 1561 2415 1644 Pereleganter

141 1671 344 1749 enim,
405 1681 486 1770 ut
549 1670 738 1747 solet,
797 1661 1262 1761 Morgenstern,
1328 1663 1497 1746 apud
1556 1659 2071 1765 Lacedaemonios
2130 1665 2416 1731 similiter

137 1773 446 1878 inveniri,
489 1772 814 1871 ostendit,
835 1761 1157 1834 custodum
1192 1767 1358 1834 vitae
1403 1747 1848 1870 conditionem}
1890 1763 2261 1832 feminarum
2291 1764 2414 1841 dis-
2418 1783 2425 1790 ·

142 1845 490 1958 cipIimm,
485 1865 693 1959 immo
733 1896 885 1970 vero
941 1857 1288 1946 liberorum
1350 1859 1663 1955 quanda'm
1672 1918 1694 1950 ,
1730 1894 2024 1960 ..uxorum
2078 1876 2416 1938 bonorum-

143 1999 266 2062 que
307 1971 823 2040 communionem.
853 1969 1079 2057 .Quae
1125 1987 1188 2033 et
1224 1973 1406 2055 ipsae
1431 1967 1913 2076 Morgens't'ernii
1954 1965 2415 2042 observationes

138 2082 373 2165 partim
439 2027 955 2162 adscriptionibus
1018 2075 1329 2172 augendae
1343 2121 1363 2154 ,
1411 2071 1695 2160 partim,
1734 2065 1923 2163 quae
1965 2074 2044 2137 de
2093 2077 2414 2160 Spartanis

142 2187 294 2250 solis
335 2186 445 2246 ille
487 2183 811 2261 disseruit,
850 2181 928 2244 de
974 2180 1144 2256 omni
1191 2157 1445 2242 Graecia
1488 2192 1671 2242 erunt
1713 2155 2116 2242 defendenda.
2162 2214 2250 2227 —
2303 2180 2413 2244 Et-

141 2290 314 2352 enim
354 2289 410 2350 si
451 2298 719 2367 constat,
757 2286 1094 2380 Platonem
1118 2273 1188 2345 id
1224 2275 1413 2364 egisse
1429 2329 1461 2362 r
1510 2296 1583 2347 ut
1630 2273 1859 2347 novam
1895 2301 2153 2366 prorsus
2196 2285 2411 2366 plane·
2422 2271 2427 2278 ’

143 2413 272 2476 que
312 2389 521 2453 fictam
565 2387 642 2450 de
704 2389 878 2449 coelo
943 2386 1124 2470 quasi
1182 2381 1436 2448 vocaret
1495 2387 1969 2468 rempublicam,
2024 2387 2231 2450 omnia
2289 2391 2410 2452 ista

140 2495 524 2560 Graecarum
587 2492 932 2557 civitatium
996 2483 1221 2554 similia
1279 2491 1529 2555 invito
1600 2483 2043 2587 obrepsisse.
2081 2473 2408 2558 videntur.

139 2602 410 2686 ideoque
455 2611 527 2663 ut
567 2598 923 2673 institutum
964 2595 1201 2681 aliquid
1263 2596 1332 2658 in
1385 2608 1521 2658 tota
1577 2579 1837 2666 Graecia
1874 2608 1936 2659 et
1976 2596 2282 2678 imprimis
2340 2599 2411 2660 in

138 2704 278 2787 ipsa
317 2688 675 2785 philosophi
718 2702 924 2785 patria
959 2701 1228 2763 maxime
1269 2708 1403 2763 erat
1454 2702 1918 2783 pervulgatum,
1982 2700 2073 2775 ita
2120 2700 2425 2767 facillime-

137 2808 351 2890 potuit
388 2807 460 2871 in
498 2806 884 2869 Platonicum
923 2824 1081 2887 opus
1123 2802 1465 2886 invadere„
1492 2788 1497 2795 ’
1520 2788 1736 2889 Itaque
1778 2804 2406 2871 Lacedaemoniorum

187 3025 250 3100 1)
281 3026 474 3087 Athen.
507 3024 595 3081 XI.
628 3046 682 3103 p.
717 3030 822 3083 5⁰7
856 3027 926 3082 D.
1013 3026 1152 3083 Plut.
1201 3027 1287 3083 De
1323 3027 1446 3083 fort.
1480 3026 1565 3083 Al.
1598 3048 1651 3105 p.
1686 3031 1791 3107 828
1826 3029 1888 3085 Ε.
1941 3030 2035 3103 (cf.
2082 3030 2272 3089 Cicero
2317 3032 2404 3091 De

280 3136 393 3190 rep.
425 3114 490 3185 Π,
528 3119 614 3170 11.
649 3113 775 3187 30..)
842 3114 1019 3171 Nihilo
1051 3116 1220 3172 secius
1251 3116 1392 3172 haud
1427 3117 1674 3191 ignotum
1706 3131 1809 3189 est,
1844 3120 2119 3177 Plotinum
2157 3117 2403 3175 Gallieno

277 3202 588 3275 imperatori
639 3202 954 3275 persuadere
1005 3202 1227 3259 voluisse
1244 3244 1261 3274 ,
1313 3217 1377 3261 ut
1419 3204 1796 3309 Platonopolin
1847 3208 2067 3276 urbem,
2118 3204 2403 3263 Platonicis

280 3290 486 3362 legibus
520 3302 786 3359 ornatam,
821 3292 1094 3347 conderet.

185 3404 252 3477 2)
289 3408 375 3458 De
407 3403 654 3458 Platonis
687 3408 956 3479 republica
991 3420 1287 3467 eommmtt.
1325 3412 1439 3466 III.
1475 3408 1669 3481 (1794)
1704 3430 1758 3483 p.
1794 3412 1897 3465 3⁰⁵
1936 3431 2051 3485 sqq.
2124 3410 2287 3481 Quod
2314 3436 2400 3471 sa-

282 3494 349 3549 tis
360 3503 564 3567 aperte
596 3495 702 3547 iam
737 3497 953 3571 abipso
1004 3496 1227 3552 Platone
1261 3494 1553 3553 indicatum
1601 3517 1708 3552 csse
1742 3497 1974 3569 videtur,
2030 3520 2093 3555 eo
2144 3500 2400 3589 videlicet,

282 3583 452 3659 quod,
482 3581 1023 3665 Lacedaemoniorum
1057 3604 1221 3660 quam
1251 3597 1405 3641 vocat
1433 3608 1490 3639 τι
1471 3594 1745 3657 Μμαρχιαν
1797 3585 1951 3642 latius
1985 3590 2231 3662 exponit,
2283 3593 2401 3663 pri-

281 3692 426 3727 mam
461 3694 574 3729 esse
606 3674 930 3747 minimeque
961 3661 1176 3750 turpem
1210 3694 1333 3729 suae
1383 3674 1707 3748 reipublicae
1740 3677 2114 3732 mutationem:
2164 3678 2251 3733 De
2286 3700 2399 3753 nep.

279 3762 419 3817 vm.
451 3783 506 3837 Ρ.
538 3768 644 3821 546
680 3785 804 3839 sqq.·
819 3794 896 3805 —
942 3766 1082 3849 Mira
1118 3766 1358 3840 profecto·
1392 3763 1637 3819 Gnmmu
1670 3776 1746 3819 est
1778 3766 1989 3839 opinio,
2024 3765 2399 3840 philosophum
2454 3780 2461 3799 ⁸
2498 3772 2505 3780 '

276 3850 336 3907 in
371 3850 714 3907 describenda
750 3852 950 3909 civitate
987 3856 1182 3927 optima
1235 3864 1355 3909 ante
1392 3853 1582 3907 oculos
1616 3851 1852 3909 habuisse
1885 3884 1958 3895 —
2007 3853 2398 3929 Aegyptiorum

279 3940 507 3995 ordines.
575 3939 719 3994 Num
753 3938 892 3995 forte
927 3959 992 3995 eo
1026 3940 1276 4015 deceptus
1310 3951 1386 3995 est
1418 3940 1499 3993 vir
1532 3939 1883 4008 doctissimus,
1933 3942 2079 4013 quod
2125 3942 2332 4015 saepius
2364 3966 2397 3999 a

275 4025 495 4082 Platone
528 4027 739 4083 laudata
771 4029 1036 4084 invenitur
1067 4047 1258 4104 magna
1278 4028 1667 4103 Aegyptiorum
1704 4041 1755 4084 et
1788 4031 1845 4085 in
1873 4030 2077 4102 legibus
2105 4042 2159 4085 et
2185 4032 2244 4086 in
2266 4034 2397 4087 arti-

277 4114 378 4169 bus
413 4118 779 4173 conservandis
813 4118 1091 4174 obstinatio
1127 4120 1236 4191 (De
1270 4118 1408 4193 legg.
1441 4118 1505 4173 Π.
1528 4142 1533 4149 ·
1556 4139 1609 4194 Ρ.
1646 4122 1748 4175 656
1782 4119 1853 4175 D.
1888 4120 2000 4173 VII.
2036 4140 2089 4193 p.
2124 4123 2231 4175 799
2267 4120 2399 4191 A.)?

277 4202 511 4258 Gruberi
544 4208 824 4265 Anmerkk.
859 4228 929 4261 zu
968 4210 1050 4262 W
1043 4208 1250 4261 islanda
1286 4210 1546 4275 Werken„
1580 4209 1737 4263 Tom.
1760 4211 1843 4263 39.
1878 4228 1929 4281 Ρ.
1952 4211 2073 4263 364.
2144 4206 2395 4263 Ceterum

274 4290 526 4347 Grubero
557 4294 711 4351 facile
743 4296 1127 4370 ignoscendum
1158 4298 1391 4365 videtur,
1427 4314 1595 4371 quum
1628 4299 1739 4371 ipse
1771 4297 1924 4353 Plato
1958 4298 2093 4354 adeo
2126 4312 2301 4373 posset
2328 4300 2395 4355 de

273 4381 451 4454 operis
483 4383 562 4437 sui
597 4385 814 4460 ingenio
849 4406 1054 4456 errare,
1088 4400 1149 4443 ut
1184 4387 1443 4445 civitatem
1491 4406 1639 4441 suam
1687 4386 1885 4459 pariter
1928 4387 2071 4460 apud
2122 4390 2395 4457 barbaros,

273 4481 432 4543 atque
465 4474 608 4546 apud
643 4474 880 4531 Graecos
909 4474 1024 4531 fieri
1060 4496 1212 4551 posse
1247 4476 1616 4532 arbitraretur:
1650 4474 1738 4528 De
1770 4494 1882 4549 rep.
1916 4477 2007 4532 vl.
2042 4498 2094 4550 Ρ.
2128 4477 2235 4535 499
2268 4478 2331 4532 Β.
