2902 5099
1197 279 1290 347 41

130 453 550 514 crebrescente
613 441 788 533 apud
843 448 1012 516 viros
1077 472 1370 534 perversa
1423 471 1655 516 venere
1668 495 1689 531 ‚
1756 449 2079 531 mulieres,
2136 451 2377 533 optimo

123 555 266 618 iure
305 555 598 635 infestae,
621 577 724 616 ‘ne
777 554 849 616 in
887 555 1012 617 suis
1069 555 1324 639 quidem
1380 556 1597 619 officiis
1654 558 1984 618 manebant
2042 553 2165 641 (De
2220 558 2378 636 legg.

123 657 296 720 VIII.
353 681 420 740 Ρ.
462 661 584 720 836
626 679 765 740 sqq.
820 657 1128 739 imprimis
1181 679 1268 738 p..
1291 661 1416 722 839
1443 657 1576 743 A„);
1635 660 1789 740 quin
1852 658 2037 720 etiam
2092 658 2379 738 superbia

122 758 374 821 inflatae
419 759 787 844 dotiumque.
845 781 1094 826 suarum
1147 758 1571 840 magnitudine
1620 759 1991 824 confidentes
2020 755 2075 843 5)
2091 803 2109 835 ,
2173 759 2381 821 dome-

124 863 348 924 sticum
390 861 722 942 imperium
765 862 884 924 sibi
926 865 1314 942 arrogabant.
1397 861 1715 924 Praeclare
1755 861 1946 940 igitur
1993 861 2379 940 Aristoteles,

122 964 194 1026 in
247 967 529 1030 omnibus
546 1011 564 1043 ,
623 985 775 1048 quas
818 962 1257 1052 παρεκβάσεις
1308 976 1491 1027 vocat
1508 1009 1529 1043 ,
1582 964 2179 1045 rerumpublicarum
2253 965 2382 1026 for-

120 1069 236 1134 mIs
251 1115 272 1148 ‚
327 1071 596 1132 maxime
671 1089 822 1131 vero
877 1069 988 1134 ubi
1041 1070 1144 1133 vel
1199 1080 1499 1150 tyrannus
1564 1065 1914 1131 dominetur
1929 1115 1947 1147 ‚
2006 1070 2111 1132 vel
2158 1064 2382 1148 populi

121 1174 342 1250 turba,
415 1173 704 1236 mulieres
719 1215 738 1250 ,
809 1169 1013 1250 docet,
1073 1172 1404 1234 insolentia
1461 1153 1771 1234 exsultare
1836 1169 1995 1256 (Pol.
2029 1173 2113 1249 V,
2161 1173 2223 1247 9,
2272 1164 2385 1252 6.).

123 1272 314 1348 Quod
361 1273 414 1334 si
462 1273 692 1353 optime
733 1271 895 1334 cadit
951 1273 1020 1336 in
1063 1275 1340 1340 Platonis
1395 1286 1659 1338 aetatem
1672 1319 1691 1353 ‚
1745 1274 1871 1336 iam
1926 1273 2083 1334 alius
2136 1289 2383 1354 quoque

121 1375 300 1438 testis
344 1375 514 1438 adest
527 1421 546 1454 ‚
584 1375 872 1458 idemque
915 1377 1338 1455 gravissimus,
1378 1379 1822 1463 Aristophanes
1836 1421 1857 1455 ‚
1898 1395 2085 1460 quem
2120 1374 2195 1436 in
2221 1374 2389 1438 Ἐκ·
2462 1417 2475 1429 1

122 1475 620 1564 κλησιαζούσαις
677 1480 994 1542 Platonica
1059 1479 1342 1544 derisisse
1393 1480 1471 1542 de
1522 1483 1883 1544 mulieribus
1948 1483 2303 1562 praecepta,
2350 1491 2389 1534 a

124 1579 668 1644 verisimilitudine
707 1601 835 1644 non
891 1583 1184 1646 abhorret
1239 1581 1731 1667 (Monens’renn
1792 1585 1836 1644 l.
1881 1583 1926 1643 1.
1968 1603 2033 1662 Ρ.
2078 1582 2161 1642 74
2204 1571 2388 1658 sqq.)-

124 1683 214 1745 At
278 1703 432 1746 vero
485 1703 774 1761 magnum
828 1693 1074 1765 poetam
1145 1707 1467 1769 nunquam
1523 1685 1787 1748 illusisse
1846 1693 2085 1748 constat
2146 1677 2391 1756 singulo

125 1785 258 1848 sive
299 1787 538 1848 homini
579 1787 709 1860 sive
745 1788 839 1849 rei
865 1801 1086 1866 gestae,
1128 1788 1249 1848 nisi
1293 1789 1493 1849 maius
1538 1787 1713 1870 quod
1738 1784 2145 1851 intellexisset
2172 1798 2391 1842 eorum

128 1911 260 1952 esse
323 1889 491 1971 apud
554 1893 839 1970 aequales
899 1908 1042 1951 suos
1095 1890 1272 1970 quasi
1326 1889 1812 1950 fundamentum.
1920 1891 2135 1968 Itaque
2185 1883 2391 1944 minus

125 1994 454 2056 Platonem
492 1992 927 2072 perstrinxisse
973 1990 1244 2070 videtur,
1287 2012 1476 2074 quam
1514 1991 1701 2068 viros,
1750 1990 2035 2071 aequales
2074 2005 2235 2060 suos,
2283 1982 2395 2064 qui

129 2097 322 2156 talem
363 2095 693 2157 mulierum
733 2093 1216 2159 dominationem
1253 2106 1639 2176 paterentur.
1724 2093 1805 2154 Et
1845 2091 2125 2172 profecto
2140 2131 2161 2166 ,
2202 2087 2257 2148 si
2296 2098 2427 2144 to-‘

26 2235 28 2258 .
127 2208 262 2258 tam
302 2217 430 2261 uno
471 2199 650 2278 quasi
687 2200 1008 2262 oculorum
1047 2200 1271 2260 obtutu
1310 2199 1714 2280 perspicimus
1756 2193 2077 2262 historiam
2092 2237 2110 2270 ,
2152 2209 2395 2270 semper

25 2303 28 2312 '
127 2301 551 2388 inveniemus3
591 2299 701 2361 ubi
743 2299 1077 2360 effeminati
1117 2301 1242 2362 sint
1279 2302 1436 2378 viri,
1482 2302 1771 2364 mulieres
1812 2301 2021 2366 virilia
2065 2297 2183 2364 sibi
2224 2295 2395 2372 inge-

129 2403 241 2464 nia
279 2401 572 2464 induisse.
627 2401 841 2482 'Apud
887 2401 1150 2488 Graecos
1189 2400 1356 2464 idem
1398 2403 1679 2465 futurum
1728 2424 1885 2480 esse,
1939 2405 2177 2484 primus
2220 2394 2398 2480 quasi

128 2505 500 2571 vaticinatus
543 2517 638 2569 est
675 2505 1004 2587 Euripides
1019 2549 1038 2586 ,
1083 2507 1252 2570 cuius
1307 2507 1376 2568 in
1403 2506 1639 2585 fabula,
1696 2506 1955 2577 Alcestis
2010 2503 2257 2569 nomine
2300 2499 2397 2559 in·-

130 2610 396 2689 scripta,
435 2609 662 2681 femina
701 2608 1023 2691 laudatur,
1079 2610 1445 2674 fortitudine
1504 2624 1567 2671 et
1610 2609 1951 2673 constantia
2010 2609 2177 2671 inter
2228 2601 2397 2667 viros

133 2712 470 2773 muliebres
526 2714 931 2794 praecellens,
997 2726 1060 2773 et
1121 2716 1256 2775 sola
1313 2734 1470 2797 quae
1532 2714 1609 2774 ab
1670 2712 1938 2773 Hercule
2003 2717 2399 2773 conservetur

135 2812 512 2891 dignissima·
594 2816 814 2883 Postea
852 2835 1004 2881 vero
1053 2815 1494 2883 diadochorum
1544 2818 1931 2897 maximeque
1994 2814 2400 2893 epigonorum

136 2928 342 2977 aetate
387 2928 618 2996 quanta
667 2917 856 2979 fuerit
899 2920 1228 2981 mulierum
1271 2919 1609 2983 dominatio
1622 2964 1641 2997 ,
1701 2918 1853 2980 adeo
1908 2928 1981 2977 ut
2021 2915 2091 2975 in
2134 2910 2398 2991 imperio

139 3017 630 3085 administrando
669 3022 822 3087 viris
866 3036 1067 3091 essent
1105 3022 1364 3091 vixdum
1403 3025 1762 3110 inferiores,
1820 3022 1979 3087 nihil
2019 3030 2261 3087 necesse
2307 3019 2400 3071 est

139 3122 431 3204 pluribus
471 3124 678 3189 verbis
720 3146 1220 3195 commemorare.

1155 3320 1378 3401 XXI.

858 3448 1081 3504 Minora
1125 3452 1376 3505 Platonis
1420 3448 1691 3506 instituta.

315 3570 522 3633 Pauca
561 3571 745 3635 etiam
780 3574 1090 3639 laudanda
1128 3590 1364 3639 restant
1390 3577 1665 3639 Platonis
1694 3582 2057 3657 praecepta,
2098 3588 2259 3652 quae-
2284 3563 2405 3627 nisi
2469 3614 2479 3629 ι

150 3694 348 3754 parva
401 3676 668 3758 quadam
712 3679 1052 3742 formarum
1114 3680 1463 3743 differentia
1506 3682 1706 3762 decipi
1747 3680 2017 3754 velimus
2032 3720 2051 3754 ,
2106 3694 2257 3736 vera
2307 3670 2406 3731 in-

157 3776 298 3839 dole
338 3778 415 3840 118
457 3780 756 3843 institutis
778 3827 796 3860 ,
840 3784 1062 3869 quibus
1102 3796 1250 3847 tunc
1294 3786 1572 3848 civitates
1604 3805 1749 3847 usae
1790 3783 2054 3858 fuerint,
2096 3773 2407 3839 simillima

158 3892 305 3941 sunt
348 3882 652 3947 habenda.
749 3888 1018 3967 Verum,
1071 3911 1149 3951 ne
1203 3892 1423 3969 longus
1482 3890 1625 3967 81111,
1687 3910 1766 3949 ex
1818 3906 2034 3969 magna
2054 3927 2072 3960 ‚
2135 3896 2292 3963 <1⁰³0
2338 3894 2407 3936 ¹¹¹

154 3995 410 4065 promtu
447 3988 738 4068 habeam,
782 3993 1203 4072 exemplorum
1242 3995 1522 4081 ubertate
1564 3994 1861 4065 nonnulla
1923 3997 2163 4049 tantum
2214 4000 2407 4062 eaque

154 4087 426 4149 maxime
495 4093 818 4174 perspicua
881 4096 1273 4183 praebenda,
1297 4098 1609 4183 videntur.
1664 4132 1749 4149 —-
1827 4095 1931 4159 Sic
1984 4089 2410 4155 incolarum

207 4293 269 4366 3)
304 4295 388 4351 De
421 4296 558 4371 legg.
591 4300 683 4353 vl.
727 4320 780 4373 p.
813 4304 922 4357 774
957 4298 1018 4359 C.
1103 4300 1168 4355 In
1202 4301 1388 4377 vulgus
1420 4315 1548 4362 nota
1584 4312 1661 4360 est
1692 4301 1883 4372 iugens
1931 4262 2315 4369 Spartanarum
2360 4300 2415 4344 et

303 4385 512 4443 lieentia
549 4398 600 4443 et
635 4387 947 4445 dominatio:
983 4390 1068 4447 De
1102 4390 1240 4463 legg.
1271 4389 1314 4445 1.
1347 4395 1557 4465 paea?-
1602 4389 1759 4445 Arist.
1790 4386 1906 4447 Pol.
1937 4385 2001 4440 11.
2024 4388 2077 4481 6.
