2902 5099
1141 295 1258 370 ‘ffl-

68 495 220 558 gore
259 485 420 540 esset
458 471 742 556 agitatus.
778 505 867 522 --
919 469 1184 536 Lutheri
1221 482 1503 556 tempore
1517 515 1537 551 ,
1578 479 1653 533 ut
1689 469 1885 554 ipsius
1924 470 2049 536 viri
2090 471 2318 556 episto-

65 580 167 640 lae
206 578 448 658 docent,
494 572 876 641 servorum
921 577 1358 638 colonorum
1401 559 1623 638 seditio
1658 574 1827 637 haud
1868 573 2051 637 dubie
2089 576 2319 640 iniusta

65 695 131 744 et
169 683 462 744 scelerata
494 679 854 756 videbatur3
885 676 1086 740 -hodie
1127 677 1266 757 ipsa
1285 659 1563 739 ¹servitus
1608 677 1837 739 iniusta
1880 699 2008 739 esse
2050 678 2319 759 videtur,

58 783 225 845 sicut
272 785 480 847 Caroli
525 769 741 862 Magni
781 793 983 842 aetate
1026 799 1334 841 summum
1372 779 1587 841 fuisset
1631 781 1863 842 facinus
1876 827 1895 861 ,
1953 783 2007 844 si
2058 783 2197 865 quis
2238 785 2317 844 li-

55 887 244 948 beros
299 908 604 970 pagorum
656 885 892 946 incolas
945 882 1016 943 in
1069 881 1433 944 servitutem
1480 880 1793 944 vindicare
1843 895 2093 946 conatus
2137 897 2315 948 esset.-

53 989 421 1051 Thomasius
466 999 684 1050 contra
697 1029 716 1062 ,
779 983 948 1045 cuius
991 995 1270 1064 tempore
1319 982 1506 1046 multi
1550 997 1725 1044 erant
1772 986 1841 1046 in
1881 987 2017 1066 ipsa
2061 986 2317 1050 Germa·-

49 1091 163 1151 nia
204 1079 416 1172 glebae
455 1087 782 1170 adscripti,
823 1088 977 1149 alios
1018 1088 1329 1167 homines,
1370 1086 1709 1149 arbitratus
1750 1101 1868 1167 est,
1908 1091 2043 1152 iure
2072 1092 2315 1182 liberos

47 1195 222 1254 nasci
239 1239 257 1272 ,
320 1194 475 1254 alios
523 1210 753 1254 servos.
857 1191 982 1252 Vel
1037 1190 1315 1252 severior
1371 1201 1467 1252 est
1524 1187 1938 1271 Oldendorpii
1992 1194 2313 1274 sententia,

46 1297 167 1398 qui
209 1297 572 1359 servitutem
614 1313 694 1355 ex
734 1305 957 1374 quarto
1000 1277 1276 1372 decalogi
1316 1305 1651 1374 praecepto
1697 1290 1978 1353 deducit·
2019 1294 2314 1358 nimirum

46 1400 228 1460 cuius
272 1410 468 1460 aetate
508 1397 614 1458 vel
658 1415 878 1456 revera
921 1394 1239 1456 servitutis
1279 1395 1496 1473 iugum
1542 1407 1677 1456 erat
1722 1396 2014 1456 severius.
2048 1427 2135 1442 --
2191 1397 2315 1460 R'e'·

43 1498 400 1590 centiorum
441 1515 796 1581 temporum
834 1499 976 1559 Ictis
1023 1498 1147 1578 ipsi
1186 1510 1446 1559 naturae
1490 1485 1967 1593 consentaneum
2008 1519 2169 1578 esse,
2214 1519 2313 1561 ara

41 1620 466 1688 gumentoque
505 1604 620 1667 vix
657 1601 936 1681 indigere
977 1600 1266 1678 videtur,
1325 1602 1563 1661 nullam
1612 1611 1723 1662 aut
1772 1600 1928 1662 oriri
1978 1621 2159 1682 posse
2204 1607 2312 1663 aut

37 1711 410 1787 permanere
452 1724 947 1789 personarum
985 1703 1601 1781 universitatem,
1642 1702 1765 1764 nisi
1794 1723 1981 1786 quam
2010 1705 2311 1786 reipubli-

39 1832 152 1871 cae
195 1804 585 1904 magistratus
628 1828 740 1871 suo
783 1829 1031 1870 assensu
1075 1806 1640 1884 comprobaverint.
1722 1804 1955 1868 Eadem
1997 1807 2309 1869 Romano·

35 1934 190 1974 rum
233 1897 366 1977 erat
405 1913 861 1996 posterioribus
915 1908 1293 2000 reipublicae
1337 1908 1723 1986 temporibus
1777 1909 2080 1970 sententia
2124 1907 2223 1993 (L.
2268 1914 2302 1971 1

33 2037 142 2096 pr.
183 2017 268 2076 D.
306 2019 502 2094 111,4.
587 2013 794 2076 Gaius.
833 2013 918 2075 D.
957 2009 1218 2089 XLVII,
1262 2005 1415 2094 22..)
1520 2009 1765 2072 Verum
1818 2011 2030 2092 priore
2088 2016 2307 2090 aetate,

31 2118 154 2179 ubi
203 2136 466 2200 corpora
511 2130 688 2179 erant
727 2115 1178 2198 potentissima,
1221 2111 1375 2175 adeo
1417 2124 1493 2175 ut
1532 2112 1664 2176 vim
1701 2126 1954 2194 possent
1980 2113 2064 2177 -vi
2099 2115 2307 2208 repel3·

33 2222 172 2281 lere
219 2233 284 2281 et
327 2221 606 2282 civitates
646 2240 842 2299 paene
887 2219 976 2278 in·
995 2219 1132 2297 ipsa
1179 2217 1426 2278 civitate
1486 2228 1686 2278 essent
1700 2261 1719 2294 ,
1774 2216 1957 2280 venia
2005 2217 2125 2279 ista
2164 2217 2305 2283 viic-'-

31 2321 196 2384 dum
237 2321 374 2402 peti
417 2341 456 2382 a
498 2320 848 2401 republica,
906 2340 1107 2401 neque
1159 2339 1314 2380 vero
1371 2319 1585 2398 negari
1626 2300 1881 2383 s'olebat.
1978 2321 2301 2384 Hodierno

35 2438 254 2486 autem
296 2423 418 2501 die,
467 2443 662 2506 quum
705 2441 780 2485 eo
828 2420 1166 2484 debilitatis
1210 2421 1469 2500 collegia
1515 2420 1778 2483 adducta
1820 2425 1962 2502 sint,
2014 2435 2085 2484 ut
2126 2427 2301 2487 nullo

29 2526 227 2590 modo
281 2537 497 2589 contra
551 2524 937 2589 adversarios
990 2523 1321 2587 defendere
1374 2545 1440 2587 se
1497 2525 1770 2607 possint,
1826 2526 1937 2589 vix
1988 2527 2155 2589 ullus
2210 2537 2304 2590 est

15 2630 263 2713 ,populi
303 2632 713 2709 gubernator,
771 2629 914 2711 qui,
971 2628 1026 2689 si
1064 2627 1385 2689 minimam
1431 2626 1807 2710 reipublicae
1849 2618 2182 2691 utilitatem
2226 2636 2300 2692 eo

32 2746 467 2814 comparatum
508 2734 592 2795 iri
635 2730 864 2809 credat,
905 2731 1061 2793 iuris
1105 2732 1316 2813 aliqua
1357 2729 1741 2794 dubitatione
1788 2755 1825 2793 a
1863 2734 2133 2813 collegiis
2175 2734 2301 2798 dis-

29 2835 350 2897 solvendis
409 2837 710 2917 bonisque
761 2855 978 2896 eorum
1033 2835 1102 2895 in
1159 2836 1539 2915 reipublicae
1596 2834 1986 2897 commodum
2042 2856 2300 2902 conver·
2351 2897 2359 2905 .

28 2936 244 2999 tendis
287 2938 652 2999 retineatur.
701 2936 930 2997 .Immo
978 2954 1131 3023 vero
1172 2956 1462 3016 magnum
1502 2936 1741 3019 aliquid
1780 2938 1994 2999 fecisse
2040 2940 2161 3017 sibi
2184 2926 2298 3002 ⁸vi·

29 3040 283 3119 dentur,
331 3042 386 3103 si
425 3041 814 3119 miserorum,
859 3040 970 3123 qui
1011 3038 1406 3105 dissolvendo
1453 3041 1703 3122 corpori
1743 3024 2073 3119 intersunt,
2117 3041 2296 3104 soda-

27 3143 193 3203 lium
234 3143 480 3224 publice
519 3138 886 3205 alendorum
925 3162 1135 3203 curam
1171 3143 1575 3224 susceperint.
1658 3141 1895 3204 Eodem
1921 3144 2051 3213 fere
2087 3143 2295 3225 modu,

29 3266 234 3328 quum
298 3243 600 3308 ordines
652 3246 1106 3307 'Germanorum
1155 3234 1972 3328 provinciales²saeeulo
2028 3249 2293 3329 septimo

30 3347 279 3408 decimo
321 3348 586 3408 multum
639 3368 719 3409 ex
768 3350 1133 3411 auctoritate
1178 3370 1288 3412 sua
1335 3349 1462 3411 iam
1502 3347 1948 3432 perdidissent,
2003 3350 2295 3416 ICtorum

25 3452 322 3533 plerique
338 3495 357 3529 ,
421 3450 519 3511 ius
561 3438 906 3515 Romanum
957 3456 1138 3518 civile
1190 3466 1519 3536 sequentes
1532 3497 1553 3532 ,
1613 3452 1787 3521 nulla
1830 3473 1960 3514 esse
2003 3444 2294 3519 ordinum

24 3554 191 3631 iura,
237 3540 598 3615 docuerunt.
683 3552 962 3630 Quorum
1005 3569 1215 3619 tamen
1253 3556 1491 3621 nemini
1529 3556 1598 3618 in
1637 3568 1909 3618 mentem
1953 3559 2145 3637 venit,
2189 3580 2296 3622 eo·

27 3656 178 3717 dem
219 3668 578 3735 argumento
625 3658 934 3741 imperii
976 3659 1282 3737 ordines
1322 3644 1710 3742 impugnare,
1752 3662 1985 3744 quippe
2028 3662 2141 3745 qui
2178 3664 2292 3725 illo

24 3772 315 3841 tempore
365 3761 833 3843 imperatoriam
885 3762 1248 3843 dignitatem
1298 3763 1424 3825 iam
1472 3762 1655 3826 valde
1696 3765 2169 3827 imminuissent.
2205 3800 2293 3813 --

26 3863 196 3925 Sunt
245 3864 558 3944 profecto,
621 3878 768 3928 sunt
819 3886 920 3928 res
970 3866 1341 3944 nonnullae,
1403 3866 1541 3927 ubi*
1573 3864 1761 3929 verus
1811 3868 2019 3929 locum
2068 3868 2294 3930 habeat

28 3964 322 4027 omnium'
361 3968 744 4048 populorum
795 3988 1140 4031 consensus.
1245 3971 1342 4031 Ita
1389 3980 1679 4051 parentes
1722 3988 1863 4031 suos
1908 3970 2110 4030 colere
2124 4012 2143 4047 ,
2200 3972 2295 4052 pii

27 4069 302 4131 hominis
347 4070 619 4133 officium
659 4073 894 4157 ubique
939 4074 1324 4152 censebitur3
1378 4094 1584 4158 neque
1639 4095 1794 4138 vero
1836 4076 1892 4138 si
1940 4074 2079 4157 quis
2121 4074 2293 4137 Deos

27 4174 188 4235 velit
227 4183 648 4253 contemnere,
689 4178 794 4254 vel
833 4194 948 4238 suo
987 4176 1185 4257 ipsius
1231 4177 1554 4241 commodo
1598 4180 1807 4242 omnia
1845 4178 2085 4259 metiri,
2124 4177 2293 4262 apud

27 4278 226 4339 ullam
261 4288 466 4338 terrae
505 4291 754 4359 gentem
795 4280 1324 4363 vituperationem
1367 4282 1624 4362 effugiet
1666 4280 2108 4364 gravissimam.
2188 4284 2289 4347 De

27 4378 129 4442 his
171 4400 244 4441 ac
284 4381 514 4475 talibus
552 4385 738 4445 rebus
780 4388 1166 4467 praeclarum
1191 4372 1368 4449 'illud
1409 4386 1647 4451 dictum
1689 4398 1781 4449 est
1822 4385 2202 4467 Antigonae:
