2902 5099
992 643 1300 712 Σοφίσματα
1333 637 1560 694 mitiora.
1632 703 1641 710 ·

1295 724 1338 750 ¹³
1427 726 1436 754 1
1490 723 1523 754 22

261 771 452 834 Iam
521 769 750 834 aliae
789 777 1068 856 restant
1083 767 1609 867 sophistarum
1671 735 2177 858 sententiae,
2211 743 2399 860 quae,

143 876 434 960 quamvis
472 872 828 938 arctissime·
855 893 993 934 cum
1032 871 1232 932 tribus
1271 870 1603 962 principiis·
1607 914 1637 948 λ
1681 893 1871 956 supra
1904 873 2207 958 expositis
2220 917 2241 950 ,
2297 893 2399 954 co·-

139 981 473 1053 haereant,
511 978 724 1058 paucis
766 986 973 1046 tamen
1012 972 1218 1037 verbis
1234 1015 1252 1048 ,
1293 982 1364 1032 ut
1405 971 1719 1066 maiorem
1744 976 2181 1064 sophistarum
2190 929 2399 1047 indoli

135 1084 348 1142 lucem
391 1081 652 1140 afferant
693 1063 1078 1140 disserendae
1119 1074 1429 1138 videntur.
1498 1075 1626 1156 Ita,
1667 1068 1849 1166 quod
1878 1076 2239 1140 Camenas
2232 1085 2402 1158 p'ro-

142 1184 272 1244 fert
325 1180 540 1268 (Gorg.
583 1205 648 1264 p.
688 1185 810 1243 491
851 1182 902 1241 Ε
946 1179 1143 1265 sqq),
1192 1199 1507 1241 summam
1534 1155 1800 1241 hominis
1849 1161 2288 1268 praestantiam
2333 1180 2402 1240 in

142 1306 224 1346 eo
265 1286 532 1365 positam
575 1305 742 1362 esse,
796 1296 900 1344 ut
893 1304 1118 1373 quam
1137 1281 1436 1368 plurimas
1476 1283 1703 1373 habeat
1742 1263 2110 1370 expleatque
2165 1281 2403 1376 cupidi-

139 1399 338 1449 tates:
379 1377 712 1472 quomodo
754 1408 790 1446 a
832 1369 1130 1466 sophista·
1164 1384 1387 1448 dictam
1439 1385 1831 1466 accepimus,
1866 1387 2164 1483 vilissima
2206 1398 2298 1481 est
2340 1396 2404 1449 et

137 1511 343 1572 paene
384 1489 665 1550 immanis
707 1490 1029 1550 sententia.
1113 1488 1407 1550 Vermn
1387 1509 1455 1548 ιιι
1494 1489 1609 1548 hac
1652 1469 1903 1572 quidem
1945 1491 2109 1584 ipsa,
2143 1490 2196 1551 si
2235 1469 2402 1562 recte

138 1592 550 1670 intelligitur,
603 1611 893 1669 magnum
935 1590 1173 1674 aliquid
1211 1592 1494 1654 veritatis
1535 1592 1715 1654 inest.
1796 1593 1960 1654 Nam
2002 1593 2240 1674 ubique
2281 1612 2405 1676 eos,

139 1696 260 1778 qui
303 1695 518 1756 ceteris
560 1696 767 1778 aliqua
809 1717 880 1757 re
935 1697 1344 1781 praecellant,
1398 1679 1612 1758 eadem
1666 1719 1735 1760 re
1789 1695 2108 1759 desideriis
2151 1696 2404 1778 quibus-3

139 1797 288 1874 dam
331 1799 634 1860 stimulari
675 1800 986 1878 invenies,
1043 1822 1207 1882 quae
1245 1802 1463 1864 ceteris
1515 1803 1725 1882 ignota
1746 1802 1917 1866 sint.
2022 1801 2124 1862 Sic
2164 1809 2403 1881 poetae,

140 1923 340 1984 quum
380 1902 622 1984 poetica
662 1903 938 1981 reliquos
979 1902 1213 1960 virtute
1255 1917 1549 1984 superent
1565 1948 1581 1978 ,
1621 1909 1887 1968 naturali
1926 1905 2190 1988 quadam
2232 1902 2405 1986 cupi-

142 2003 374 2081 ditate,
432 2023 589 2085 quae
644 2003 902 2084 reliquis
957 2022 1212 2081 prorsus
1260 1985 1463 2080 deest,
1519 2004 1597 2066 ad
1647 2014 1932 2084 poe‘mata
1984 2007 2403 2089 componenda

37 2093 42 2114 ³
140 2108 501 2186 adiguntur.
600 2105 702 2168 Sic
759 2106 1118 2187 philosophi
1173 2106 1290 2166 soli
1344 2107 1826 2189 philosophandi
1879 2109 2109 2180 habent
2169 2107 2405 2169 deside-

139 2211 344 2288 rium3
407 2209 614 2290 magni
656 2207 838 2269 duces
886 2205 1234 2288 imperandi
1285 2208 1701 2294 bellandique.
1801 2209 1966 2287 Quin
2011 2211 2195 2272 etiam
2238 2214 2403 2288 bono

138 2314 286 2375 viro
328 2312 652 2375 necessitas
697 2309 996 2392 quaedam
1035 2312 1215 2388 inest,
1251 2315 1569 2391 praeclara
1610 2334 1720 2375 sua
1748 2314 2125 2378 ’conscientia
2168 2328 2405 2376 susten-

138 2417 301 2478 tari:
360 2436 548 2499 quam
589 2415 1010 2476 necessitatem
1041 2415 1356 2506 malorum
1397 2416 1684 2499 plerique
1730 2417 2037 2507 ignorant.
2134 2417 2263 2494 Qui
2306 2430 2402 2480 est

139 2520 275 2584 vita
314 2519 547 2601 politus
562 2563 581 2597 ,
644 2499 1090 2599 elegantiorum
1139 2518 1479 2579 hominum-
1514 2517 1951 2590 consuetudine
2004 2518 2403 2601 supersedere

141 2624 394 2705 nequit3
454 2624 564 2707 qui
607 2641 866 2702 corpore
912 2624 1170 2683 robusto
1220 2623 1453 2699 utitur,
1508 2624 1732 2683 multas
1777 2621 2084 2684 desiderat
2125 2625 2403 2705 corporis

141 2729 648 2805 exercitationes3
690 2728 862 2789 virili
905 2720 1150 2789 aetati'
1129 2750 1196 2789 m
1238 2725 1459 2788 iisdem
1498 2727 1628 2788 fere
1670 2728 1888 2805 rebus,
1915 2729 2140 2809 quibus
2177 2746 2405 2807 pueros

138 2831 338 2893 vincit
351 2874 369 2907 ,
417 2842 525 2891 aut
565 2849 760 2890 novae
803 2830 1249 2891 subnascuntur
1264 2873 1282 2905 ,
1339 2835 1446 2891 aut
1485 2812 1975 2891 vehementiores
2018 2828 2405 2921 cupiditates.
2458 2824 2467 2831 ’

140 2936 360 3014 Itaque
413 2931 696 3008 omnino,
753 2941 825 2991 ut
867 2931 1128 3013 quisque
1181 2930 1469 3011 plurimis
1513 2929 1830 3009 praeditus
1884 2944 1975 2991 est
2027 2927 2129 2992 v'el
2170 2933 2401 3011 ingemi

139 3038 246 3098 vel
277 3035 556 3115 corporis
583 3034 938 3111 virtutibus,
980 3035 1077 3095 ita·
1104 3033 1388 3114 plurimis
1417 3032 1736 3096 desideriis
1768 3036 2131 3113 exagitatur.
2218 3033 2402 3110 Quod

141 3159 352 3199 meum
400 3138 697 3199 iudicium
711 3180 730 3215 ,
783 3150 980 3199 totam
1035 3138 1090 3197 si
1133 3136 1457 3197 historiam
1498 3137 1823 3218 perquiras
1838 3182 1855 3214 ,
1918 3140 2401 3219 comprobatum,

142 3256 218 3305 ut
245 3261 449 3323 spero,
489 3240 800 3303 invenies·
783 3282 800 3317 ,
846 3239 1126 3322 quamvis
1167 3239 1358 3299 nimia
1400 3260 1583 3319 saepe
1624 3238 2033 3320 cupiditatum
2072 3234 2402 3317 vehemen-

141 3346 234 3405 tia
253 3389 270 3421 ‚
315 3363 471 3425 quae
517 3354 610 3402 est
651 3354 870 3403 natura
910 3341 1228 3402 hominum
1245 3385 1263 3417 ,
1313 3342 1647 3402 contrarias
1692 3338 1907 3401 eodem
1948 3330 2229 3421 tempore
2266 3328 2402 3423 opi-

144 3448 365 3507 niones
407 3447 844 3525 procreaverit.
892 3480 977 3489 —
1045 3442 1248 3504 Etiam
1290 3444 1577 3505 Mmtoms
1623 3442 1925 3505 sententia
1965 3442 2178 3528 (Meno
2221 3466 2285 3527 p.
2318 3448 2401 3510 80

142 3550 205 3611 D
255 3546 374 3635 sq.)
389 3594 410 3627 ,
454 3546 609 3630 qua,
635 3548 937 3637 ‘homines
978 3546 1045 3607 id
1090 3560 1332 3608 tantum
1378 3568 1676 3629 quaerere
1715 3565 1931 3627 posse,
1984 3546 2175 3627 dixit,
2231 3548 2401 3633 quod
2494 3554 2501 3561 ’

145 3664 332 3713 antea
368 3652 493 3712 iam
533 3650 844 3731 cognitum
883 3650 1214 3712 habuerint
1253 3645 1351 3733 (ut
1390 3650 1526 3729 ipse
1566 3649 1704 3713 vult
1746 3646 2087 3733 Socrates),
2132 3651 2241 3713 ubi
2287 3653 2399 3711 bo-

144 3775 299 3815 num
338 3754 745 3832 interpretem
785 3752 1126 3833 invenerit,
1179 3752 1500 3829 verissima
1540 3763 1667 3829 est,
1720 3752 1830 3815 ubi
1879 3754 2249 3836 sophistam,
2291 3774 2400 3818 ne·

147 3856 462 3938 quissima.
561 3852 847 3919 Ostendit
889 3854 1068 3916 enim-
1099 3854 1503 3933 philosophus
1518 3896 1537 3928 ‚
1591 3854 1647 3915 si
1684 3855 1941 3917 Menoni
1984 3855 2398 3934 assentiamus,

147 3958 323 4019 omni
353 3960 534 4020 nobis
576 3979 786 4020 rerum
826 3956 1224 4039 inquisitione
1267 3954 1698 4019 abstinendum
1740 3978 1887 4035 esse,
1935 3956 2202 4037 ideoque
2242 3958 2399 4017 mol-

292 4172 442 4238 licet,
492 4170 548 4223 ni
595 4170 750 4225 fallor
794 4170 932 4243 (Pol.
966 4172 1008 4240 Ι,
1043 4178 1096 4240 2,
1133 4172 1222 4245 3.).
1293 4176 1492 4229 Parum
1538 4167 1713 4229 auteni
1762 4176 1828 4227 ab
1877 4175 2106 4247 antiquis
2150 4178 2396 4249 perpensi
2496 4230 2510 4245 ,

292 4280 402 4315 esse
447 4261 689 4315 videntur
733 4262 827 4334 (cs.
861 4262 972 4317 Cic.
1007 4264 1074 4318 de
1107 4284 1219 4338 rep.
1246 4266 1336 4333 111,
1372 4264 1496 4335 25.).
1583 4264 1723 4318 Sunt
1766 4262 1907 4336 apud
1950 4284 2137 4318 omnes
2168 4264 2397 4338 populos

293 4362 561 4423 tempora,
615 4349 708 4403 ubi
753 4370 1102 4427 quaecunque
1152 4354 1474 4427 reipublicae
1521 4353 1863 4409 fundamenta
1911 4353 1969 4407 in
2014 4352 2395 4420 dubitationem

287 4450 555 4495 vocentur.
