2902 5099
1127 327 1228 399 w

55 527 122 570 se
162 485 504 568 arbitratum
537 499 747 586 egisse,
787 500 841 566 is
882 485 1101 567 revera
1119 493 1125 498 ’
1141 499 1338 567 iusms
1377 500 1785 588 appellandus
1825 517 1938 571 est.
2020 505 2161 572 Alia
2200 529 2311 571 au-

54 621 184 671 tem
235 631 306 671 re
353 607 406 670 si
446 608 766 670 hominum
815 627 1019 668 mores
1070 605 1228 669 velis
1281 607 1489 670 metiri
1504 653 1523 686 ,
1586 606 1876 691 equidem
1931 607 2120 671 timeo
2136 655 2154 689 ,
2210 631 2309 689 ne,

54 733 218 793 quae
269 711 403 793 ipse
457 711 680 774 sentias
694 755 713 789 ,
777 707 1146 771 necessarias
1193 727 1324 768 esse
1363 709 1554 771 totius
1604 711 1843 790 generis
1882 711 2138 772 humani
2178 733 2317 774 sen-

53 815 285 874 tentias
321 813 606 892 affirmes,
645 811 1078 894 philosophica
1113 806 1377 892 quadam
1412 807 1699 892 deceptus
1735 812 2104 892 arrogantia.
2185 813 2318 875 Iam

53 919 132 978 ab
175 918 436 980 Hueon
476 912 694 979 nost‘ro
739 913 1083 975 acutissime
1132 914 1535 974 observatum
1577 912 1835 1000 eso-(Ius
1877 929 2121 980 naturae
2150 894 2223 998 ⁸1).
2252 920 2316 979 9.

52 1017 169 1081 Ed.
216 1017 425 1105 1819.)
441 1065 460 1098 ‚
510 1019 581 1078 in
623 1013 1069 1076 recentioribus
1108 1015 1262 1076 iuris
1308 1013 1481 1096 quod
1519 1030 1747 1078 vocant
1786 1021 2083 1096 naturalis
2124 1031 2319 1102 syste-

53 1123 237 1183 matis
295 1143 370 1182 ea
425 1141 673 1200 semper
722 1119 1022 1180 contineri
1035 1163 1054 1196 ,
1117 1137 1276 1200 quae
1315 1116 1386 1178 in
1431 1117 1571 1199 ipsa
1622 1131 1835 1181 nostra
1881 1122 2085 1201 patria
2131 1133 2319 1204 atque

52 1239 257 1286 aetate
293 1225 533 1303 legibus
569 1224 671 1285 vel
710 1209 1148 1283 consuetudine
1183 1220 1430 1282 firmata
1469 1234 1691 1283 essent.
1777 1220 1962 1299 Quod
1998 1221 2075 1284 de
2108 1244 2321 1284 recen-

51 1327 326 1388 tioribus
369 1329 653 1387 observat
701 1325 884 1404 Hugo
898 1369 918 1404 ,
974 1323 1054 1385 ad
1094 1343 1309 1386 omnes
1349 1345 1546 1404 paene
1594 1325 1829 1387 referre
1869 1325 2080 1408 potuit
2094 1370 2111 1402 ,
2166 1343 2324 1409 quo-

49 1451 200 1490 rum
244 1427 500 1509 plurimi
514 1473 532 1506 ,
576 1437 650 1487 ut
691 1427 864 1488 BAco
904 1426 1021 1503 ait,
1065 1439 1339 1510 tanquam
1368 1448 1400 1488 e
1424 1432 1643 1489 vinculis
1684 1434 2139 1491 sermocinantur.
2222 1427 2323 1488 Ex

48 1553 292 1610 magna,
335 1549 524 1613 quam
561 1528 684 1589 huc
724 1548 1050 1607 suggerere
1091 1547 1346 1607 possum
1383 1531 1813 1608 exemplorum
1856 1530 2053 1610 copia,
2094 1541 2323 1608 tamen,

48 1655 133 1695 ne
163 1636 385 1712 longus
422 1632 556 1710 sim,
597 1651 794 1712 pauca
820 1641 1062 1691 tantum
1089 1629 1385 1690 inferiore
1414 1631 1555 1691 loco
1583 1631 1837 1693 afferam
1878 1628 2058 1715 (Cap.
2085 1634 2161 1693 15
2184 1654 2325 1716 sqq.

51 1736 210 1817 Cap.
233 1733 382 1822 28.).
405 1771 490 1782 -
529 1734 628 1796 Ex
671 1753 798 1817 quo
837 1732 1096 1794 Domini
1134 1733 1336 1794 nostri
1378 1753 1447 1794 ac
1489 1731 1881 1796 Redemtoris
1915 1735 2055 1796 Iesu
2090 1735 2324 1798 Christi

47 1841 251 1904 vitam
291 1850 355 1899 et
398 1857 502 1898 res
541 1849 738 1914 gestas
783 1835 1215 1914 cognovimus,
1282 1853 1603 1898 commune
1654 1839 1940 1899 omnibus
1982 1849 2075 1899 est
2117 1859 2325 1900 exem-

48 1945 198 2024 plar
237 1939 650 2021 propositum,
697 1937 866 1996 cuius
911 1933 1334 2013 similitudine,
1375 1947 1623 1996 rectene
1666 1938 1803 2018 quis
1844 1942 2057 2017 egerit,
2099 1962 2324 2020 annon,

51 2058 230 2108 certo
264 2053 474 2123 potest
515 2039 858 2102 diiudicari.
944 2038 1082 2116 Qua
1116 2052 1324 2126 tamen
1362 2059 1613 2118 norma,
1656 2043 1803 2106 licet
1841 2045 2025 2106 aliter
2065 2047 2329 2125 loquan-
2371 2102 2381 2112 ,

49 2161 166 2208 tur
219 2145 528 2224 theologi,
595 2145 664 2206 in
713 2145 978 2231 publicis
1027 2148 1213 2206 rebus
1271 2166 1583 2226 perpauca
1634 2158 1875 2210 tantum
1922 2145 2327 2210 existimanda

51 2261 226 2314 sunt.
311 2248 466 2323 Quis
515 2258 610 2306 est
649 2248 812 2306 enim
827 2290 846 2323 ‚
901 2260 972 2308 ut
1013 2249 1417 2308 recentissimi
1458 2235 1755 2330 temporis
1796 2272 1897 2312 res
1940 2265 2137 2331 gestas
2178 2269 2328 2331 pro-

51 2373 292 2438 ponam
301 2394 324 2432 ,
389 2348 499 2432 qui
545 2348 990 2409 Britannorum
1040 2348 1208 2409 inter
1257 2350 1695 2412 reformatores
1749 2365 1813 2413 et
1866 2368 2325 2418 conservatores

56 2456 502 2520 dissensionem
543 2453 917 2532 argumentis
960 2473 1039 2512 ex
1079 2452 1340 2514 Domini
1378 2453 1513 2515 'vita
1550 2455 1783 2514 haustis
1836 2457 2035 2534 possit
2076 2475 2325 2534 compo-

54 2584 240 2640 nere3
285 2564 389 2624 vel
415 2580 697 2638 magnam
725 2560 898 2619 illam
932 2558 1214 2621 decidere
1245 2560 1746 2636 controversiam,
1775 2580 1899 2641 qua
1924 2560 2095 2620 inter
2115 2560 2324 2620 hostes

57 2665 370 2725 minorum
383 2680 786 2742 personarum
798 2663 1271 2725 universitatum
1278 2659 1328 2746 1)
1351 2673 1855 2745 protectoresque
1870 2664 2048 2742 facta,
2068 2664 2191 2724 iam
2210 2684 2329 2743 per

59 2777 160 2825 tot
216 2783 408 2823 annos
459 2762 711 2842 Europa
768 2766 1130 2825 conturbata
1186 2776 1276 2825 est
1290 2760 1323 2825 ’.ι’
1417 2761 1656 2839 Quibus
1704 2764 1774 2825 in
1822 2752 2007 2827 rebus
2057 2777 2325 2847 utraque

60 2886 210 2946 pars
240 2883 554 2924 sacrorum
585 2865 892 2923 librorum
931 2865 1266 2945 implorare
1304 2866 1605 2926 auxilium
1646 2877 1861 2927 conata
1895 2878 2021 2928 est:
2060 2880 2325 2948 utraque

63 2965 282 3028 eodem
321 2967 460 3027 iure
477 2963 561 3052 ²).
597 3000 684 3011 —
741 2966 903 3027 Tum
949 2966 1102 3029 v'ero
1151 2968 1475 3028 historiam
1515 2964 1843 3045 diligenter
1887 2976 2325 3048 perscrutatus,

61 3068 176 3150 qui
188 3113 208 3146 ,
263 3088 510 3147 magnas
565 3087 778 3127 rerum
835 3069 1224 3147 publicarum
1281 3068 1711 3130 conversiones
1762 3087 1889 3131 non
1944 3070 2327 3149 singulorum

60 3171 204 3236 fieri
244 3170 489 3233 licentia
503 3216 522 3249 ‚
579 3174 970 3251 cognoverit,
1029 3171 1138 3233 sed
1177 3170 1448 3233 naturali
1490 3168 1755 3252 quadam
1796 3174 2154 3234 necessitate
2196 3172 2326 3236 sive

60 3276 190 3336 Dei
233 3275 428 3353 ipsius
475 3277 744 3354 legibus:
806 3277 860 3337 is
915 3277 1196 3357 profecto
1244 3277 1314 3337 in
1353 3275 1583 3335 talibus
1626 3276 1811 3336 rebus
1848 3274 2175 3360 iudicium,
2228 3277 2327 3339 iu-

62 3380 242 3439 stene
285 3376 456 3459 quis,
511 3398 592 3437 an
636 3379 862 3440 iniuste
909 3380 1135 3459 egerit,
1181 3376 1305 3459 ipsi
1358 3377 1653 3464 cuiusque
1696 3379 2097 3442 conscientiae
2112 3425 2131 3460 ,
2188 3391 2327 3442 tan-

64 3500 256 3565 quam
295 3478 486 3541 iudici
523 3480 636 3543 uni
678 3485 1080 3566 competenti,
1125 3484 1302 3547 facile
1346 3482 1706 3547 committet.
2350 3471 2354 3479 ’

1137 3687 1245 3763 Χ.

1003 3812 1102 3865 Ius
1131 3815 1398 3886 fortioris.

239 3939 444 4021 Atque
486 3938 556 4001 in
595 3937 694 4001 his
733 3935 886 4020 ipsis
925 3941 1112 4001 rebus
1153 3942 1432 4008 fortioris
1472 3940 1571 4002 ius
1613 3934 2067 4022 quodammodo
2109 3937 2325 4017 inesse,

61 4042 322 4105 minime
365 4043 714 4129 negandum
756 4057 870 4107 est.
968 4044 1214 4109 Etenim
1258 4049 1521 4131 quisque
1560 4046 1831 4129 populus
1876 4056 1939 4107 et
1979 4042 2173 4122 ipsius
2212 4054 2329 4123 po-

109 4248 174 4319 1)
212 4248 374 4303 Velut
405 4250 744 4318 monasteria,
779 4250 962 4317 urbes,
999 4246 1392 4321 provinciarum
1429 4244 1658 4314 ordines,
1697 4243 1951 4318 opificum
1983 4240 2251 4297 societates
2278 4250 2330 4293 et

209 4336 310 4391 alia
347 4338 602 4391 eiusmodi
636 4337 914 4411 permulta.
1868 4328 1872 4333 ⁸

101 4426 182 4501 22)
218 4426 302 4481 cf.
331 4426 607 4500 Algernon
641 4426 844 4501 Sidney
877 4428 1193 4482 Discourses
1227 4424 1314 4494 111,
1344 4428 1430 4479 1⁰.
1504 4454 1517 4465 -
