2902 5099
1673 271 1763 340 38

603 443 796 508 eoacti
809 489 828 522 ‚
889 444 944 506 si
1000 443 1311 508 civitatem
1359 443 1595 507 vellent
1647 442 1767 506 sibi
1788 446 1791 454 '
1814 463 2105 524 arrogare
2120 490 2137 524 ,
2200 445 2269 507 in
2310 442 2671 512 servitutem
2718 449 2860 512 duci

601 555 902 616 solebant.
983 553 1200 616 Altera
1251 551 1336 613 ex
1391 561 1572 631 parte
1605 546 1759 630 ipsa
1796 549 2105 630 mancipia
2146 552 2479 615 clementer
2518 554 2649 615 fere
2692 555 2863 635 apud

598 653 1002 718 Athenienses
1049 667 1309 717 tractata
1351 654 1541 718 fuisse
1582 654 1875 716 constat..
1938 651 2147 730 Quare
2202 653 2383 717 facile
2437 657 2649 740 potuit
2704 657 2859 737 fieri,

597 771 672 823 ut
708 761 888 822 Plato
901 804 921 836 ‚
981 779 1174 842 quum
1213 761 1283 822 in
1321 761 1561 842 legibus
1598 760 1761 822 bene
1806 760 2123 841 separaret
2165 777 2377 823 servos
2418 760 2455 822 a
2494 759 2861 878 peregrinis,

598 861 668 924 in
719 863 1038 943 republica
1091 857 1390 949 utrosque
1427 863 1669 928 eodem
1730 862 1919 927 modo
1978 875 2241 938 curaret.
2286 899 2373 912 —-
2445 863 2747 926 Ceterum
2800 863 2861 924 in

597 966 915 1027 Platonica
971 967 1220 1030 civitate
1278 963 1679 1050 legumlator,
1744 965 2213 1046 corriganturne
2262 958 2595 1053 βάναυσοι
2636 987 2863 1044 annon,

597 1067 757 1128 nihil
795 1069 927 1131 fere
965 1072 1145 1152 pensi
1183 1074 1412 1152 habet,
1464 1077 1824 1151 summaque
1868 1089 2113 1150 semper
2154 1069 2563 1130 contemtione
2612 1090 2723 1133 eos
2766 1069 2864 1132 de·
2901 1127 2902 1160 ἒ

599 1172 815 1254 spicit,
861 1177 1096 1260 quippe
1139 1198 1406 1261 quorum
1455 1175 1782 1257 occupatio
1820 1193 2069 1234 omnem
2114 1173 2365 1237 virtutis
2409 1175 2643 1234 cultum
2687 1195 2866 1254 pror·
2901 1195 2902 1250 3

601 1293 706 1338 sus
747 1277 1048 1361 impediat
1089 1277 1214 1366 (De
1253 1301 1393 1361 rep.
1430 1278 1547 1340 IV.
1584 1299 1651 1358 p.
1684 1278 1810 1338 421
1853 1275 1932 1338 A.
2003 1275 2192 1338 Polit‘.
2233 1297 2299 1357 p.
2342 1278 2491 1337 290.
2563 1275 2665 1337 De
2711 1279 2865 1358 legg.

599 1378 649 1441 Ι.
689 1384 755 1460 p.
795 1385 926 1445 644
963 1381 1088 1469 A.).
1171 1383 1366 1446 Cuius
1417 1381 1768 1463 despicatus
1817 1378 1928 1442 ubi
1968 1380 2243 1442 rationes
2292 1382 2471 1444 Plato
2522 1379 2711 1442 affert
2724 1425 2744 1459 ‚
2810 1393 2866 1442 et
2901 1433 2902 1436 ,

602 1483 858 1547 consilia
893 1484 1019 1565 dat,
1057 1487 1286 1570 quibus
1328 1476 1481 1548 talia
1523 1481 1908 1566 disponenda
1948 1483 2093 1561 sint,
2133 1481 2421 1566 equidem
2447 1481 2629 1546 valde
2655 1485 2868 1558 timeo,

599 1606 678 1647 ne
721 1592 1098 1654 nostratibus
1113 1637 1132 1670 ,
1171 1589 1641 1672 sapientissimis
1684 1588 1813 1654 illis
1853 1587 2337 1668 praeteritorum
2370 1597 2735 1668 temporum
2778 1609 2869 1648 ca-

599 1688 1014 1770 stigatoribus‚
1055 1693 1354 1756 ridiculus
1395 1695 1581 1772 plane
1625 1687 1915 1752 videatur
1958 1687 2081 1774 (De
2110 1691 2268 1768 legg.
2296 1689 2409 1750 XI.
2436 1711 2503 1768 p.
2532 1692 2659 1750 918
2686 1689 2867 1776 sqq.).

597 1791 830 1854 Tamen
881 1795 1156 1857 Platonis
1208 1806 1409 1856 aetate
1469 1813 1667 1875 quum
1722 1810 1937 1853 omnes
1993 1789 2163 1851 idem
2217 1788 2562 1852 iudicarent
2588 1789 2645 1877 ⁵)
2661 1837 2683 1870 ‚
2742 1806 2867 1855 tum

597 1891 764 1988 haud
821 1897 948 1961 scio
1003 1921 1086 1962 an
1140 1910 1306 1961 artes
1361 1897 1519 1958 istae
1573 1917 1615 1957 a
1659 1895 1892 1958 vilibus
1947 1903 2193 1956 tantum
2249 1893 2603 1955 hominibus
2659 1897 2867 1958 viliter

467 2049 480 2064 ,
595 1996 832 2064 fuerint
871 2004 1201 2068 exercitae.
1243 2037 1330 2052 -
1367 1999 1485 2068 Ut‘
1502 1999 1671 2084 servi
1712 1996 1980 2061 dominis
2024 1995 2285 2058 obnoxii
2326 1996 2470 2074 sint,
2508 1997 2691 2058 Plato
2738 2019 2869 2059 cen·

599 2113 728 2180 set,
789 2104 917 2168 iuri
971 2106 1246 2170 naturali
1273 2125 1432 2188 ⁸esse
1485 2113 1964 2166 consentaneum
2020 2098 2147 2186 (De
2194 2101 2351 2180 legg.
2392 2101 2495 2162 ΠΙ.
2541 2121 2627 2190 p.
2660 2101 2865 2188 690.)3

597 2204 890 2291 idemque
929 2221 992 2272 et
1032 2208 1473 2272 libertinorum
1512 2218 1577 2268 et
1620 2225 1949 2268 servorum
1991 2202 2409 2268 conditionem
2448 2192 2707 2266 eandem
2726 2206 2866 2265 fere

601 2309 1007 2391 commendat,
1033 2323 1222 2396 atque
1249 2331 1473 2375 revera
1498 2309 1687 2372 fuisse
1712 2319 1939 2370 notum
1974 2319 2067 2369 est
2096 2303 2220 2392 (De
2242 2308 2400 2386 legg.
2420 2307 2535 2368 XI.
2552 2309 2770 2389 p.915
2790 2330 2867 2390 sq.

597 2411 712 2473 VI.
765 2434 832 2496 p.
862 2414 988 2479 777
1019 2413 1082 2478 D
1117 2434 1257 2498 sqq.
1309 2414 1426 2478 lx.
1466 2435 1533 2496 p.
1566 2413 1687 2477 865
1718 2411 1795 2472 Β.
1839 2411 1965 2472 872
1998 2408 2070 2470 C.
2113 2421 2176 2470 et
2214 2403 2514 2492 passim.)-
2609 2406 2867 2472 Nostra-

600 2523 697 2579 tes
738 2514 991 2599 quidem
1033 2515 1453 2582 commiserari
1494 2515 1698 2595 solent
1740 2507 2043 2574 eiusmodi
2084 2511 2394 2591 Platonis,
2423 2521 2497 2575 111
2536 2509 2736 2593 3111111,
2782 2534 2867 2575 er-

603 2638 815 2682 rores:
876 2621 1056 2681 Plato
1113 2614 1328 2681 contra
1341 2661 1362 2693 ,
1421 2616 1476 2678 si
1530 2612 1839 2694 cognitam
1892 2612 2207 2704 habuisset
2220 2657 2241 2693 ,
2298 2614 2499 2703 qualis
2541 2613 2715 2699 apud
2762 2635 2866 2677 1108

605 2731 731 2796 est,
788 2718 1217 2799 operariorum
1257 2719 1327 2784 in
1365 2717 1615 2797 fabricis
1656 2694 2079 2779 laborantium
2124 2714 2573 2795 conditionem,
2628 2719 2737 2781 vel
2777 2739 2867 2779 ar-

603 2821 1027 2901 gentariorum
1067 2822 1515 2904 auctoritatem,
1548 2839 1677 2905 pro
1720 2839 1831 2903 sua
1870 2802 2130 2879 for-tasse
2170 2832 2351 2911 parte
2392 2822 2775 2884 nostratibus
2812 2834 2865 2883 et

601 2922 1068 2988 inhumanitatis
1111 2937 1176 2987 et
1213 2924 1515 2989 stultitiae
1558 2922 1815 3013 crimina
1856 2922 2239 2987 attribuisset
2258 2920 2341 3011 ft),
2367 2956 2453 2970 —-·
2496 2922 2597 2985 Ad
2628 2936 2864 2985 utrum-

606 3048 730 3109 que
771 3030 1159 3110 superiorem
1181 3028 1483 3093 ordinem
1512 3024 1683 3111 quod
1723 3028 1963 3115 attinet,
2006 3028 2395 3115 magistratus
2436 3050 2476 3091 a
2514 3026 2861 3101 custodibus

603 3130 773 3195 haud
819 3133 913 3197 ita
960 3155 1184 3216 magno
1237 3145 1605 3215 separantur
1662 3130 2013 3214 discrimine
2026 3176 2065 3210 ‚.
2106 3132 2266 3216 sicut
2316 3153 2539 3195 revera
2596 3149 2860 3213 quoque,

603 3237 871 3302 maxime
917 3238 1178 3302 Athenis
1193 3283 1212 3318 ‚
1269 3236 1606 3321 unicuique
1660 3234 1889 3297 civium
1936 3233 2016 3295 ad
2056 3235 2361 3323 plurimos
2403 3238 2673 3297 honores
2722 3246 2861 3295 tunc

607 3338 810 3407 aditus
845 3344 1118 3423 patebat.
1203 3337 1507 3406 Custodes
1546 3336 1714 3419 apud
1749 3338 2071 3399 Platonem
2084 3380 2105 3417 ‚
2147 3350 2220 3401 ut
2261 3339 2423 3403 cives
2464 3335 2632 3421 apud
2676 3334 2860 3398 Grae-

605 3463 740 3523 cos,
817 3465 1032 3509 veram
1093 3444 1368 3507 efficiunt
1426 3440 1873 3524 rempublicam
1934 3438 2059 3525 (De
2115 3462 2249 3523 rep.
2298 3444 2411 3505 IV.
2464 3466 2531 3524 p.
2572 3447 2701 3507 419
2741 3440 2859 3527 A.)

603 3547 880 3611 Maxima
921 3548 1185 3621 civitatis
1236 3567 1382 3611 suae
1430 3546 1523 3607 ita
1564 3543 2021 3608 constituendae
2072 3566 2149 3608 ea
2190 3546 2437 3639 Platoni
2489 3568 2671 3610 causa
2714 3558 2857 3621 erat,

605 3650 778 3735 quod
835 3652 1078 3733 saepius
1133 3648 1498 3734 profitetur,
1559 3650 1870 3711 neminem
1924 3650 2107 3731 plura
2159 3650 2319 3711 bene
2371 3668 2552 3733 posse
2604 3648 2858 3713 admini-

1175 3784 1242 3798 ῃ-ὺ

585 3851 592 3859 ’
653 3848 713 3921 3)
747 3849 932 3924 Itaque
967 3848 1126 3905 etiam
1159 3849 1378 3905 Phaleas
1419 3851 1479 3905 111
1523 3850 1628 3913 suis
1672 3848 1759 3906 de·
1786 3850 1989 3925 optima
2032 3850 2303 3924 republica
2338 3850 2486 3907 libris
2520 3849 2739 3924 opifices
2772 3869 2860 3903 vo-

683 3940 693 3960 '
746 3940 847 3994 luit
890 3959 1065 3997 servos
1109 3958 1244 3995 essex
1299 3938 1455 3995 Arist.
1487 3938 1604 3993 1³01.
1639 3939 1703 4007 Π,
1740 3942 1795 4008 4,“
1830 3943 1917 3995 13.
2005 3940 2089 3995 De
2130 3941 2277 4014 ipso.
2306 3938 2589 3998 Aristotele
2630 3960 2678 3993 v.
2724 3938 2857 3993 infra
2901 3970 2902 4015 3

747 4048 861 4103 cap.
895 4033 984 4085 28.
2901 4097 2902 4108 ,

648 4125 711 4197 4)
746 4126 961 4200 Neque
967 4126 1141 4181 minus
1173 4126 1408 4181 Platonis
1440 4136 1663 4183 aetatem
1680 4156 1683 4161 ·
1698 4130 1925 4198 redolet,
1954 4129 2097 4204 quod
2132 4126 2421 4183 non-nullos
2458 4146 2521 4181 ex
2550 4124 2740 4179 infimo
2778 4142 2860 4176 or-
2901 4152 2902 4161 1

746 4214 870 4268 dine
906 4216 1214 4281 arbitratur,
1263 4214 1305 4269 si
1351 4214 1541 4271 virtute
1562 4218 1960 4296 excelluerint,
2000 4218 2057 4271 in
2096 4216 2375 4271 custodum
2410 4229 2698 4269 numerum
2732 4212 2861 4267 reci·
2901 4210 2902 4227 *

747 4304 969 4377 piendos
1013 4324 1137 4359 esse.
1208 4305 1408 4359 Notum
1445 4318 1548 4376 est,
1604 4318 1799 4381 quanta
1824 4306 2055 4361 Athenis
2096 4319 2149 4361 et
2181 4306 2495 4362 libertorum
2530 4315 2584 4359 et
2628 4302 2861 4379 peregri·
2901 4342 2902 4372 ς

747 4412 943 4449 norum
979 4393 1262 4449 multitudo
1300 4396 1556 4453 civitatem
1586 4398 1683 4452 sibi
1720 4388 1903 4453 furtim
1938 4395 2273 4469 arrogaverit.
2692 4418 2701 4427 ·
