2902 5099
1604 320 1704 390 44

511 497 762 582 publica
779 541 800 577 ,
837 507 914 560 ut
949 515 1172 560 revera
1209 492 1400 558 flebat
1445 494 1735 576 Athenis,
1790 515 2033 560 causam
2084 515 2217 560 non
2274 477 2606 577 suscipiat,
2658 492 2773 557 nisi

515 600 950 666 accusantibus,
976 601 1158 662 occisi
1197 598 1467 678 cognatis
1481 643 1500 678 ,
1542 595 1764 684 (usque
1806 599 1884 664 ad
1909 613 2211 683 quartum
2224 645 2244 679 ,
2286 601 2355 662 ni
2392 601 2615 678 fallor,
2654 599 2775 660 Ro-

447 766 452 778 ,
514 725 838 768 manorum
879 703 1133 786 gradum
1141 701 1186 788 ‚')
1231 723 1386 786 quos
1423 705 1783 784 gravissima
1814 725 2015 786 poena
2051 705 2130 768 ad
2155 697 2569 768 accusandum
2602 704 2772 766 Plato

472 884 477 888 .
517 808 849 888 compellit.
937 806 1224 878 Ceterum
1265 806 1378 888 qui
1417 826 1548 868 non
1589 805 1667 869 de
1725 806 2029 870 industria
2070 807 2313 869 caedem
2372 803 2778 889 perpetravit,

513 913 782 992 patriam
819 931 934 990 per
974 922 1218 992 tempus
1249 910 1518 992 -aliquod
1578 913 1754 972 exsul
1805 910 1993 974 debet
2044 913 2430 994 relinquere3
2498 909 2659 978 adeo
2710 920 2775 969 ut
2851 923 2852 996 J

393 1060 400 1064 -
486 1018 618 1082 ‚vel
658 1014 886 1082 bestiae
931 1033 1314 1095 corporaque
1351 1014 1653 1096 inanima,
1696 1015 1751 1074 si
1776 1014 1937 1076 forte
1972 1015 2211 1076 homini
2247 1013 2491 1076 cuidam
2516 1023 2776 1076 mortem
2851 1075 2852 1078 ,

513 1116 948 1194 consciverint,
991 1115 1297 1196 expianda
1339 1128 1416 1202 ets
1441 1137 1523 1178 ex
1560 1117 1717 1178 urbe
1749 1115 2125 1180 removenda
2154 1117 2295 1179 sint.
2380 1117 2578 1178 Cuius
2604 1136 2773 1196 prae-

513 1219 678 1298 cepti
735 1220 914 1300 quasi
973 1217 1358 1280 defensorem
1413 1216 1677 1279 advocat
1774 1219 1953 1282 Plato
2014 1221 2333 1299 vulgarem
2396 1221 2771 1300 opinionem,

511 1323 854 1384 occisorum
905 1343 1117 1385 manes
1173 1322 1444 1400 graviter
1484 1320 1698 1399 irasci,
1740 1320 1797 1382 si
1830 1321 1913 1399 is,
1950 1342 1988 1382 a
2016 1341 2142 1403 quo
2178 1323 2363 1384 occisi
2402 1324 2561 1400 sint,
2606 1319 2773 1403 quie·
2851 1343 2852 1386 ῑ

508 1435 640 1486 tam
682 1423 850 1485 domi
892 1426 1084 1487 vitam
1119 1437 1257 1502 agat
1299 1421 1623 1508 (De.1egg.
1665 1427 1779 1488 lx.
1818 1448 1883 1506 p.
1930 1427 2055 1486 866
2097 1427 2175 1487 A.
2232 1429 2382 1488 871:
2436 1428 2589 1488 865.
2636 1424 2771 1485 867.
2851 1407 2852 1458 ³

514 1532 638 1592 873
673 1527 804 1615 D.).
843 1563 931 1579 --
971 1530 1070 1592 De
1115 1529 1352 1591 ceteris.
1373 1531 1525 1592 haec
1567 1543 1829 1609 tantum,
1870 1551 2026 1612 quae
2070 1542 2652 1606 commemorentur,
2672 1526 2773 1588 eli-

509 1631 706 1713 genda
748 1652 996 1695 censeo:
1061 1633 1331 1714 primum
1347 1675 1368 1710 ,
1425 1632 1595 1715 quod
1648 1634 1808 1699 mira
1820 1677 1841 1710 ,
1882 1653 2039 1714 quae
2088 1631 2165 1694 de
2217 1645 2568 1698 mercatura
2632 1649 2770 1712 pro·

505 1738 820 1813 feruntur,
865 1737 1115 1796 consilia
1128 1779 1146 1812 ,
1189 1755 1442 1814 prorsus
1487 1737 1563 1797 ab
1623 1735 1845 1796 Attica
1875 1734 2313 1796 consuetudine
2356 1734 2771 1811 abhorrentia,

505 1841 638 1924 ipse
676 1842 854 1902 Plato
869 1883 887 1915 ,
953 1859 1033 1900 ex
1085 1837 1475 1901 Cretensium
1528 1836 1771 1914 legibus
1826 1849 2027 1902 sumta
2090 1857 2219 1898 esse
2238 1881 2258 1917 ,
2322 1835 2601 1900 declarat
2656 1834 2770 1922 (De

501 1943 660 2021 legg.
703 1941 866 2004 vm.
907 1962 971 2019 p.
1001 1941 1126 2004 847
1147 1936 1278 2022 D.).
1361 1939 1525 2000 Tum
1564 1957 1716 2001 vero
1731 1981 1750 2016 ,
1794 1937 1967 2020 quod
2004 1939 2247 2020 saepius
2284 1951 2495 2000 monet
2508 1983 2531 2018 ,
2586 1940 2776 2002 Grae-

505 2063 608 2106 cos
661 2035 1038 2106 Graecorum
1085 2053 1310 2106 natura
1361 2041 1503 2123 ipsa
1554 2042 1753 2104 socios
1805 2063 1935 2106 esse
1966 2055 2179 2124 ‚atque
2234 2043 2489 2121 amicos,
2550 2044 2774 2104 barba-

502 2157 720 2209 rorum
761 2149 968 2210 hostes
1011 2143 1134 2230 (De
1163 2167 1298 2226 rep.
1341 2147 1424 2207 V.
1470 2165 1535 2224 p.
1554 2147 1682 2204 469
1724 2141 1912 2226 ης.)
1998 2142 2169 2218 Quae
2210 2145 2531 2220 sententia,
2578 2165 2777 2225 quum

500 2250 756 2314 Periclis
797 2262 996 2314 aetate
1041 2251 1318 2328 neglecta
1378 2266 1633 2328 prorsus
1660 2289 1669 2300 «
1694 2245 2007 2324 iacuisset,
2062 2243 2217 2308 adeo
2265 2257 2340 2306 ut
2379 2246 2537 2308 nihil
2578 2247 2780 2326 prod-

503 2363 705 2414 essent
766 2353 1094 2414 acerrimae
1153 2349 1370 2416 comici
1439 2347 1900 2416 adhortationes
1968 2345 2191 2434 (veluti
2265 2347 2523 2430 Lysistr.
2585 2353 2771 2412 1133.

505 2448 672 2518 1248
735 2451 926 2540 sqq.),
978 2453 1249 2532 Agesilai
1278 2464 1594 2533 ‚tempore
1650 2449 1997 2526 instaurari,
2040 2449 2492 2532 quodammodo
2552 2466 2766 2533 coepta

504 2570 616 2621 est.
699 2559 988 2621 Attamen
1027 2555 1384 2622 Alexandro
1427 2555 1676 2622 demum
1714 2551 2011 2633 regnante
2026 2596 2045 2631 ,
2106 2573 2299 2634 quum
2366 2573 2581 2643 omnes
2640 2557 2761 2618 fere

500 2659 592 2723 ita
633 2662 962 2737 sentirent,
1019 2663 1422 2723 barbarorum
1476 2679 1667 2737 regna
1731 2656 1929 2721 everti
1970 2654 2327 2735 potuerunt.
2428 2657 2624 2721 Cuius·
2674 2659 2761 2721 rei

499 2762 704 2848 prima
746 2761 924 2845 quasi
961 2762 1278 2843 praesagia
1313 2762 1384 2825 in
1422 2758 1755 2826 Platonicis
1808 2755 1988 2835 libris
2036 2758 2129 2827 ita
2180 2760 2550 2845 reperienda
2604 2774 2758 2827 sunt.

977 3168 980 3173 .
1127 3084 1270 3159 allia
1303 3108 1575 3161 nonnulla
1604 3116 1847 3161 veterum
1880 3105 2142 3179 exempla.

669 3234 981 3299 Hactenus
1039 3228 1115 3295 de
1170 3210 1449 3293 Platone.
1492 3267 1578 3279 -
1655 3229 1946 3311 Ceteros,
2002 3230 2115 3314 qui
2164 3237 2307 3291 ante
2362 3228 2749 3293 Aristotelem

502 3340 876 3423 reipublicae
922 3339 1080 3399 bene
1124 3335 1554 3414 gubernandae
1597 3348 1929 3418 praecepta
1970 3333 2286 3413 dederint,
2330 3337 2531 3395 multo
2579 3333 2747 3395 etiam

501 3446 692 3524 magis
740 3463 877 3503 cum
919 3440 1302 3519 civitatibus,
1367 3442 1579 3521 quales
1620 3462 1840 3503 revera
1881 3460 1945 3503 se
1986 3440 2327 3529 habebant,
2392 3440 2745 3520 congruisse,

499 3570 581 3611 ex
633 3545 967 3607 Aristotele
1033 3556 1270 3609 constat
1326 3540 1538 3628 (Polit.
1584 3547 1671 3623 II,
1714 3552 1774 3623 4,
1821 3540 1926 3629 1.).
2038 3544 2209 3603 Inter
2280 3562 2437 3625 quos
2495 3546 2747 3617 Timum,

501 3664 574 3713 ut
615 3653 776 3712 hunc
818 3650 1183 3711 nominatim
1235 3652 1577 3730 appellem,
1628 3652 1865 3733 ‘aliique
1922 3648 2219 3730 permulti
2274 3649 2344 3709 in
2400 3650 2531 3713 sola
2572 3651 2745 3711 Lace-

383 3812 389 3822 ,
499 3752 965 3816 daemoniorum
1002 3753 1326 3833 republica
1366 3752 1653 3818 laudibus
1710 3752 2065 3817 extollenda
2107 3754 2339 3817 versati
2381 3765 2527 3817 sunt
2578 3746 2745 3839 (Ibid-

641 4014 764 4049 rum
797 3994 1116 4049 arbitrorum
1154 4014 1282 4066 quas
1317 3993 1503 4047 dicunt
1528 3992 1795 4047 instantias
1828 3992 1907 4066 (p.
1940 3996 2045 4049 ‘166
2080 3992 2191 4065 E.);
2242 4004 2355 4048 tum
2400 4010 2526 4045 vero
2544 4032 2559 4060 ,
2614 3982 2741 4061 quod

639 4082 860 4150 iudices,
897 4083 940 4136 si
971 4082 1217 4137 iniustam
1245 4081 1557 4136 sententiam
1590 4080 1763 4136 tulisse
1797 4083 2097 4151 videantur,
2120 4083 2274 4155 apud
2308 4082 2489 4153 legum
2522 4076 2741 4135 custodes
2851 4094 2852 4129 2

641 4172 921 4227 accusandi
971 4182 1094 4227 sunt
1137 4170 1404 4244 (Ibidem).
1492 4169 1742 4226 Ceterum
1794 4172 1852 4225 in
1902 4183 2015 4227 toto
2065 4171 2298 4228 Platonis
2340 4171 2462 4225 loco
2516 4163 2740 4226 confusio
2851 4196 2852 4199 κ

643 4260 902 4334 quaedam
935 4262 1104 4317 inesse
1149 4260 1356 4314 videtur
1401 4270 1457 4315 et
1488 4258 1911 4343 magistratuum,
1962 4262 2169 4316 iudicio.
2208 4260 2623 4335 praepositorum
2636 4295 2650 4322 ,
2697 4259 2742 4302 et
2851 4250 2852 4285 ³

638 4351 878 4423 ipsorum
894 4388 910 4418 ‚
949 4352 1041 4425 qui
1077 4350 1388 4405 sententiam
1433 4350 1635 4417 ferant,
1683 4350 1939 4405 iudicum.
2024 4351 2285 4409 Nimirum
2328 4345 2631 4405 -vhuiusmodi
2662 4358 2738 4395 re·

561 4430 575 4440 *
637 4458 760 4494 rum
793 4458 985 4515 parum
1017 4458 1120 4496 usu
1151 4439 1457 4497 exercitatus
1486 4448 1600 4495 erat
1630 4439 1711 4524 vir
1740 4428 1979 4514 magnus.
