2902 5099
1649 278 1745 346 42

555 474 936 519 numerum
977 471 1120 515 eum
1157 449 1499 530 desiderat,
1543 443 2039 532 agrorumque
2070 448 2537 512 divisionem
2580 447 2661 508 ita
2702 448 2776 509 in-

552 560 755 624 stituit
767 603 788 637 ,
841 571 916 623 ut
964 559 1145 620 facile
1193 555 1475 640 quisquis
1517 557 1837 638 :intelligat
1854 601 1874 635 ,
1934 553 2261 617 Platonem
2318 573 2449 615 non
2514 573 2778 632 magnam,

553 666 767 748 quales
809 662 978 746 apud
1005 659 1129 725 'nos
1171 671 1342 740 sunt,
1385 661 1701 723 civitatem
1732 662 1826 732 1in
1868 658 2103 722 animo
2134 657 2421 722 habuisse
2434 701 2453 735 ,
2511 653 2621 719 sed
2666 676 2777 736 par-
2829 679 2830 748 ζ

548 789 658 831 vas
700 765 1126 831 tantummodo
1173 763 1550 828 Graecorum
1598 765 2027 847 respublicas,-
2070 781 2333 846 quarum
2386 762 2685 844 plurimae
2720 781 2777 821 ex
2829 749 2830 804 Ῑ

547 891 671 933 una
715 875 871 933 urbe
915 871 1168 954 eiusque
1209 872 1533 932 territorio
1570 873 1984 933 consistebant
2025 866 2149 954 (De
2180 865 2335 947 legg.
2358 869 2443 930 V.
2486 864 2555 948 Ρ.
2586 869 2698 930 737
2726 865 2776 927 C.

543 995 610 1058 p.
637 976 758 1036 745
801 971 944 1059 Β..)
1006 974 1340 1054 Agrorum*
1363 987 1559 1036 sortes
1599 987 1666 1035 et
1708 968 2195 1044 nummariam
2234 990 2387 1032 rem
2422 991 2467 1032 a
2514 968 2776 1032 Lacedae-

543 1076 770 1139 moniis
810 1078 1002 1163 sumit
1045 1075 1170 1163 (De
1208 1079 1367 1156 legg.
1413 1077 1499 1138 V.
1535 1095 1601 1155 Ρ.
1645 1077 1770 1138 740
1808 1079 1868 1138 A
1908 1095 2046 1160 sqq.
2101 1099 2168 1157 p.
2208 1077 2331 1136 742
2360 1071 2499 1158 Α.),
2554 1092 2777 1134 census

545 1177 794 1242 ordines
821 1181 1104 1242 -maxime
1147 1181 1222 1242 ab
1265 1177 1749 1256 Atheniensibus·
1802 1176 1929 1263 (De
1970 1181 2125 1257 legg.
2167 1180 2252 1240 V.
2305 1199 2374 1258 p.
2410 1177 2537 1237 744
2573 1175 2647 1236 Β.
2695 1174 2777 1234 Vl.

539 1303 606 1363 Ρ.
639 1285 766 1346 754
803 1281 933 1369 D.).
1020 1282 1364 1344 Caelibea
1399 1279 1652 1360 iisdem,
1706 1293 1892 1364 atque
1938 1279 2197 1362 Spartae
2258 1279 2541 1356 fuerunt,
2598 1275 2777 1358 po'enis

541 1386 736 1449 afficit
773 1385 900 1472 (De
941 1389 1100 1465 legg.
1141 1387 1253 1447 IV.
1293 1407 1358 1466 Ρ.
1403 1387 1549 1447 721.
1612 1387 1727 1449 VI.
1765 1399 1831 1466 Ρ.
1874 1386 2019 1446 774.
2062 1383 2138 1445 cf.
2180 1379 2420 1446 Osann
2472 1381 2575 1442 De
2633 1379 2779 1440 coeli·

539 1492 692 1552 bum
730 1487 899 1571 apud
936 1500 1178 1552 veteres
1229 1490 1499 1570 populos
1558 1485 1931 1550 conditione.
1988 1486 2225 1548 Comm.
2272 1483 2379 1572 1.).
2416 1519 2503 1532 --
2572 1483 2780 1546 Usitata

531 1589 876 1655 iuventutis
919 1590 1361 1653 educatione
1401 1591 1726 1652 meliorem
1768 1590 1881 1652 vix
1922 1590 2194 1652 inveniri
2234 1607 2443 1668 posse,
2485 1587 2629 1667 ipse
2662 1602 2782 1666 pro-

534 1693 778 1754 fitetur:
819 1713 1010 1775 quare
1055 1692 1338 1769 consilia,
1397 1712 1557 1772 quae·
1598 1691 1679 1752 ad
1722 1693 2147 1770 corrigendam
2192 1709 2329 1750 eam
2366 1691 2549 1752 affert
2562 1735 2583 1768 ,
2638 1711 2674 1750 a
2706 1709 2782 1749 re-

534 1809 710 1874 cepta
751 1780 992 1856 ratione
1037 1796 1250 1874 paullo
1307 1783 1554 1858 tantum
1596 1796 1951 1878 discrepant
1968 1795 2053 1883 Ἰ).
2156 1800 2349 1859 lmmo
2404 1794 2783 1880 philosopho·

526 1916 701 1975 rum,
743 1917 932 1980 quam
973 1895 1390 1975 commendat,
1429 1897 1743 1960 institutio
1790 1898 2005 1962 eadem
2058 1900 2187 1961 fere
2230 1899 2511 1976 videtur,
2576 1917 2707 1978 qua
2742 1903 2786 1952 et

526 2001 662 2082 ipse
710 2011 774 2064 et
803 1998 1073 2061 maxima
1114 1989 1423 2061 sociorum
1466 2022 1720 2064 auorum
1759 2023 1905 2082 pars
1949 2000 2151 2063 edocti
2172 2003 2407 2066 fuerint
2428 1999 2507 2088 2).
2539 2033 2628 2046 —-
2665 1999 2787 2061 Mu·

526 2123 680 2165 nera
721 2103 972 2184 publica
1011 2103 1206 2164 sorti
1248 2103 1583 2183 committi,
1624 2105 1907 2186 qumvis
1950 2105 2305 2166 stultissima
2359 2125 2459 2164 res
2508 2102 2789 2165 nostrati·

524 2205 642 2267 bus
679 2203 1202 2286 iniustissimaque
1243 2205 1531 2268 videatur
1544 2250 1563 2283 ,
1623 2207 1759 2286 ipse
1800 2207 1978 2268 Plato
1993 2251 2012 2284 ,
2070 2215 2157 2265 et·
2188 2203 2597 2266 necess-arium
2652 2227 2788 2280 esse,

523 2306 784 2388 iudicat,
822 2305 902 2370 ad
933 2305 1290 2370 evitandum
1333 2308 1535 2389 plebis
1578 2307 1823 2387 odium,
1866 2321 1931 2368 et
1966 2307 2237 2369 naturali
2274 2306 2401 2370 iuri
2442 2309 2627 2390 plane
2660 2329 2786 2371 con-

522 2422 902 2474 sentaneum.
985 2415 1279 2474 Attamen
1317 2405 1518 2491 idem,
1562 2434 1757 2496 quum
1792 2427 2017 2475 revera
2054 2413 2315 2474 Athenis
2345 2411 2567 2475 summi
2611 2411 2783 2492 magi-

523 2529 750 2578 stratus
760 2562 781 2596 ,
820 2518 926 2581 vel
969 2529 1132 2579 certe
1175 2509 1256 2578 ad
1295 2518 1560 2579 salutem
1596 2517 1903 2598 publicam
1942 2513 2402 2579 sustentandam
2431 2516 2778 2599 gravissimi,

523 2622 752 2687 civium
795 2619 1060 2679 delectui
1103 2608 1304 2679 essent
1343 2622 1675 2699 reservati,
1722 2621 1906 2683 sortis
1950 2618 2285 2684 decisiones
2345 2621 2775 2706 aliquantulum

519 2719 876 2792 recidendas
931 2740 1060 2779 esse
1075 2764 1094 2797 ,
1155 2721 1499 2783 arbitratur
1522 2720 1597 2808 5).
1642 2754 1729 2769 —-
1784 2721 1957 2799 Quae
2016 2722 2277 2789 diversis
2335 2729 2772 2792 Platonicorum

519 2823 824 2885 librorum
862 2820 1016 2883 locis
1057 2840 1131 2883 eo
1173 2820 1463 2895 videlicet
1510 2825 1715 2888 animo
1754 2825 2299 2909 commendantur,
2361 2844 2461 2911 ut,
2502 2830 2770 2915 populari

567 3050 628 3124 1)
663 3050 750 3105 De
795 3068 908 3123 rep.
952 3046 1018 3103 11.
1071 3066 1123 3121 p.
1161 3048 1264 3101 376
1310 3044 1357 3099 E
1393 3050 1509 3120 sqq.
1598 3044 1849 3101 Ceterum
1872 3036 2064 3120 Jqu'am
2112 3047 2239 3103 altas
2286 3049 2435 3139 quasi
2485 3048 2689 3105 radices
2728 3047 2769 3099 in

659 3140 992 3195 Graecorum
1027 3138 1290 3191 mentibus
1325 3138 1493 3209 egerit
1525 3138 1738 3210 publica
1772 3138 2051 3194 iuventutis
2084 3138 2351 3206 educatio,
2401 3156 2466 3193 eo
2500 3134 2663 3195 facile
2703 3140 2770 3191 in-

659 3227 936 3300 telligitur,
975 3225 1120 3299 quod
1153 3223 1434 3297 Polybius,
1475 3224 1709 3297 quamvis
1742 3244 1969 3297 magnus
2004 3237 2135 3280 esset
2170 3226 2480 3299 optimoque
2525 3230 2648 3285 inre
2677 3230 2767 3282 Ro-

658 3335 943 3370 manorum
977 3313 1292 3379 admirator,
1343 3323 1642 3369 contemtor
1688 3311 2046 3381 Graecorum,
2098 3324 2278 3368 tamen
2328 3314 2387 3367 in
2430 3312 2533 3370 hac
2583 3338 2685 3377 una
2724 3332 2769 3367 re

657 3406 1026 3459 Romanorum
1061 3403 1434 3477 negligentiam
1470 3402 1891 3475 reprehenderit:
1926 3402 2130 3457 nullam
2162 3403 2226 3458 iis
2260 3414 2475 3473 certam,
2508 3417 2607 3461 aut
2632 3406 2767 3463 desti-

655 3503 836 3547 natam
869 3494 1102 3566 legibus,
1139 3487 1478 3576 aut'xpublice
1506 3483 1824 3567 expositam,
1861 3503 1954 3545 aut
1986 3511 2153 3545 unam
2198 3490 2439 3545 omnium
2491 3511 2609 3549 esse
2656 3513 2768 3569 pue-

652 3600 839 3633 rorum
871 3582 1228 3653 disciplinam:
1263 3580 1377 3637 Cic.
1415 3581 1481 3635 de
1514 3600 1627 3653 rep.
1660 3581 1757 3648 IV,
1798 3584 1849 3635 3.
2496 3597 2500 3603 ·

561 3670 622 3743 2)
655 3670 740 3725 De
772 3688 884 3742 rep.
919 3668 1033 3723 VII.
1067 3690 1119 3741 p.
1153 3672 1258 3725 522
1295 3690 1410 3743 sqq.
1482 3669 1659 3723 Etiam
1694 3668 1885 3741 quod,-
1914 3669 2045 3723 tanti
2080 3668 2149 3723 ad
2194 3668 2494 3724 educandos
2547 3670 2767 3728 homines

653 3756 912 3813 momenti
951 3757 1185 3813 convivia
1221 3778 1358 3827 esse,
1395 3759 1618 3827 dictitat,
1666 3778 1868 3818 nonne.
1896 3757 2001 3814 hoc
2046 3760 2105 3813 in
2151 3759 2464 3815 memoriam
2510 3762 2665 3815 nobis
2694 3780 2766 3813 re-

654 3857 810 3903 vocat
843 3842 1202 3919 philosophica
1236 3846 1330 3901 ista
1365 3837 1661 3922 symposia,
1688 3830 1791 3901 ‘ubi
1828 3868 1966 3902 unus
2002 3848 2215 3903 conviva
2250 3861 2362 3903 erat
2393 3848 2639 3905 omnium
2671 3868 2764 3904 ser-

651 3956 876 3993 monum
910 3934 1158 4008 princeps
1206 3938 1352 4009 quasi
1389 3950 1442 3993 et
1478 3922 1825 4011 gubernator:
1877 3936 2049 4011 q‘ualia
2087 3930 2317 3993 Socratis
2368 3938 2597 3995 maxime
2645 3950 2763 3995 tem·

653 4047 784 4101 pore
817 4026 959 4081 haud
993 4026 1232 4080 inusitata
1267 4028 1424 4081 fuisse
1459 4029 1723 4107 videntur:
1764 4026 1853 4081 ‘De
1888 4026 2023 4100 legg.
2056 4026 2118 4079 Π.
2153 4036 2205 4099 Ρ“.
2240 4028 2359 4081 671.
2520 4013 2523 4015 v

559 4124 620 4197 3)
655 4125 739 4181 De
773 4124 908 4199 legg.
944 4124 1035 4207 ΙΙΙ.4
1084 4144 1134 4197 Ρ.
1171 4126 1276 4178 690
1314 4122 1374 4177 C.
1421 4126 1607 4199 v1.·p.·
1634 4120 1757 4183 ‘151²
1842 4129 1991 4183 Idem
2036 4129 2159 4191 fere,
2200 4126 2495 4199 eodemque
2540 4137 2761 4198 tempore

651 4213 999 4269 Anaximenes
1031 4211 1229 4267 iudicat
1261 4212 1469 4267 rhetor:-
1495 4215 1643 4271 Rhet.
1679 4218 1746 4271 ad
1780 4217 1923 4271 Alex.
1958 4218 2019 4272 ΙΙ.
2054 4221 2106 4273 7.
2141 4244 2211 4257 --·-
2264 4214 2527 4289 Euthyni,
2582 4214 2760 4289 gravis-

648 4302 812 4356 simae
837 4298 1164 4361 'auctoritatis
1191 4296 1549 4379 magistratus,
1588 4328 1756 4380 quum
1774 4306 2003 4362 ‘Athenis
2035 4317 2175 4361 sorte
2209 4304 2567 4377 deligerentur
2583 4342 2599 4371 ,
2635 4298 2760 4375 apud
2829 4298 2830 4313 ¹

610 4389 614 4394 ’
648 4391 926 4446 Platonem
961 4391 1152 4447 civium
1186 4392 1779 4467 suffragiis-destinandi
1812 4404 1959 4452 sunt:
2010 4395 2095 4452 De
2130 4395 2266 4473 legg.
2301 4394 2411 4449 XII.
2444 4414 2497 4469 p.
2532 4396 2649 4450 945.
