2902 5099
1221 291 1271 357 5
2330 273 2348 303 ,

125 487 316 550 quum
355 465 447 528 ita
488 475 707 542 essent,
746 483 878 525 non
920 475 1014 526 est
1049 463 1431 545 incredibile,
1474 461 1645 547 quod
1672 461 2081 527 Philostratus
2108 464 2373 543 nuntiat,

123 569 388 648 Gorgiae
438 569 700 648 Delphis
758 559 1023 628 statuam
1065 566 1343 647 positam
1401 587 1531 629 esse
1584 567 1930 628 inauratam
1956 565 2030 652 ς).
2124 565 2372 648 Quippe

117 673 324 732 maior
377 685 502 750 est,
565 691 693 756 quo
743 671 1120 752 Protagoras
1177 683 1240 732 et
1266 671 1591 734 'Prodicus
1644 670 1851 733 affecti
1911 683 2057 734 sunt
2116 671 2372 749 honore,

117 791 390 853 quorum
431 775 588 836 alter
635 775 708 834 in
757 773 964 854 patria
1005 793 1117 833 sua
1158 769 1442 832 Abderae
1485 785 1549 834 et
1588 774 1785 858 σοφία
1830 783 1895 834 et
1935 764 2132 856 λόγος
2170 771 2374 832 nomi-

117 886 300 935 natus
313 919 332 952 ,
384 877 542 936 alter
595 895 734 936 eam
775 873 1206 936 auctoritatem
1255 885 1611 936 consecutus
1653 885 1803 953 est,
1832 885 1905 936 ut
1917 917 1937 952 ,
1994 872 2050 934 si
2090 871 2233 955 quis
2276 893 2373 933 sa·

115 979 570 1058 pientissimum
605 977 817 1038 virum
850 977 1158 1038 honorare
1193 977 1402 1057 vellet,
1443 975 1795 1064 Προδίκου
1820 995 1965 1038 cum
1995 967 2374 1061 σοφώτερον

117 1101 248 1144 esse
289 1079 574 1143 laudaret
597 1074 678 1164 ις).

1166 1215 1311 1291 111.

782 1343 1025 1397 Minores
1054 1343 1418 1417 sophistarum
1448 1345 1695 1400 virtutes.

288 1463 498 1544 Quid?
554 1465 664 1550 qui
719 1487 758 1528 a
807 1466 1062 1530 Socrate
1114 1469 1531 1566 Aristophane
1544 1514 1568 1548 5
1617 1472 2039 1554 Xenophonte
2090 1473 2373 1550 Platone,

110 1570 227 1653 qui
281 1593 320 1632 a
374 1569 643 1633 maxima
703 1581 1100 1650 posterorum
1153 1585 1332 1651 parte
1390 1570 1807 1654 despiciantur
1862 1587 2035 1636 tanta
2087 1573 2373 1653 indigna-

109 1676 304 1752 tione,
345 1673 532 1736 iidem
569 1675 880 1756 sophistae
917 1673 1084 1755 apud
1119 1679 1406 1760 aequale·
1449 1696 1593 1740 suos
1628 1677 1769 1757 pari
1803 1667 2005 1757 gloria
2032 1673 2375 1741 fruuntur?-

107 1779 452 1842 Prorsusne
503 1779 860 1842 obcaecatae
915 1792 1093 1841 erant
1143 1793 1210 1842 et
1253 1782 1539 1849 civitates
1583 1780 1753 1844 illius
1804 1783 2105 1863 temporis
2150 1791 2213 1842 et
2252 1779 2371 1840 ho·

106 1879 354 1956 minum
371 1877 762 1954 multitudo?
842 1881 1082 1950 Mirum
1120 1884 1240 1946 hoc
1279 1895 1344 1944 et
1382 1885 1497 1946 vix
1536 1884 1835 1949 credibile
1867 1886 2071 1950 visum
2112 1895 2207 1946 est
2240 1883 2367 1944 iam

104 1984 324 2067 multis
363 1984 518 2046 viris
566 1982 765 2051 doctis
778 2024 798 2060 ,
839 1993 928 2043 ·et
975 1981 1246 2046 Srssou
1293 1983 1603 2064 imprimis
1647 1996 1863 2052 nostra
1900 1996 2097 2052 aetate
2140 1982 2370 2046 aceni-

105 2107 252 2148 mus
299 2086 710 2166 sophistarum
753 2082 1039 2148 defensor
1081 2085 1340 2168 exstiti&
1427 2085 1619 2160 Cuius
1660 2087 1786 2154 viri
1826 2086 2107 2169 quamvis
2148 2105 2371 2164 magna

107 2200 179 2250 et
231 2189 550 2252 recondita
605 2188 950 2250 eruditione
1005 2209 1170 2254 nova
1225 2190 1402 2273 quasi
1457 2191 1603 2255 huic
1656 2191 1753 2264 rei
1794 2191 1907 2254 sit.
1935 2191 2053 2256 lux
2100 2209 2369 2265 accensa,

103 2303 354 2374 tamen,
391 2303 468 2350 ut
505 2289 645 2360 fieri
687 2291 872 2365 solet,
912 2289 982 2349 in
1023 2288 1386 2354 defensione
1417 2314 1531 2356 sua
1568 2294 1761 2356 nimio
1804 2292 2101 2376 quodam,
2144 2291 2213 2354 ni
2251 2291 2369 2354 fnl-

103 2395 231 2470 lor,
273 2391 480 2454 studio
521 2411 882 2472 progressus
923 2388 1176 2460 videtur
1205 2390 1280 2477 1).
1305 2427 1413 2462 --,
1433 2395 1793 2459 Laudentur
1820 2417 2048 2466 ,eorum
2087 2394 2155 2461 in
2196 2402 2369 2476 poe·-

103 2509 354 2561 tarum
400 2493 1124 2589 interpretati-onem
1160 2494 1388 2567 merita
1436 2492 1695 2581 (ibidem
1734 2519 1799 2579 p.
1846 2499 1927 2564 59
1970 2497 2167 2584 θορῆς
2226 2497 2369 2580 quis

108 2613 205 2665 est
248 2612 486 2677 autem,
529 2598 642 2681 qui
679 2618 918 2677 negare.
943 2599 1174 2679 possit,
1219 2618 1328 2665 eos
1371 2602 1448 2662 ab
1491 2601 1911 2681 Aristophane
1949 2598 2115 2663 inter
2154 2598 2371 2681 perni-

108 2704 476 2767 ciosissimos
501 2704 713 2773 honae
752 2703 908 2765 artis
950 2715 1346 2783 corruptores
1387 2724 1519 2767 esse
1550 2700 1951 2778 nominatos?
2032 2704 2159 2767 Vel
2198 2700 2367 2782 apud

105 2808 431 2869 Platonem
445 2852 464 2886 ,
527 2808 637 2870 ubi
677 2809 1046 2887 Protagoras
1092 2809 1404 2890 ceterique
1458 2810 1769 2889 sophistae
1803 2816 2108 2889 ,poemata
2164 2805 2372 2885 expli·-

110 2908 383 2986 cuerint‚
424 2928 611 2971 nemo
651 2922 746 2971 est
785 2910 1044 2979 fortasse
1055 2955 1074 2988 ,
1115 2911 1246 2992 qui
1264 2905 1422 2971 bene
1466 2927 1571 2982 eos
1616 2912 1765 2974 haec
1805 2909 1875 2973 in
1912 2916 2197 3000 poemata
2236 2926 2369 2981 me-

107 3012 308 3073 ruisse
373 3010 536 3073 dicat
569 3009 650 3097 2).
755 3011 1072 3103 Laudatur
1142 2997 1493 3075 Siculorum
1562 3005 1883 3083 ενὲπεια
1900 3059 1921 3088 ,
1988 3009 2371 3074 Graecorum

109 3108 560 3197 ὀρθοὲπεια
605 3116 736 3182 sive
754 3109 1455 3205 ὄρθοῤῥημοοννη
1496 3113 1884 3201 (δηιοειΡ.
1913 3112 2079 3199 63.);
2122 3124 2371 3175 atvero

155 3334 222 3405 5)
258 3336 323 3386 V.
359 3332 413 3385 S.
449 3354 499 3405 Ρ.
532 3337 654 3389 493.
723 3333 898 3389 Ceteri
933 3344 1174 3389 auctores
1205 3333 1348 3407 apud
1381 3333 1613 3387 Possum
1644 3329 1956 3396 laudantur,
2008 3328 2101 3402 qui
2134 3330 2371 3403 disputa·-

223 3422 457 3489 tionem
501 3442 716 3496 quoque
759 3424 1028 3497 adiungit,
1082 3434 1270 3477 utrum
1307 3442 1467 3477 aurea
1482 3460 1499 3490 ,
1554 3438 1627 3477 an
1676 3419 1915 3474 inaurata
1966 3419 2127 3475 fuerit
2173 3430 2367 3473 statua.

255 3532 309 3583 p.
343 3514 412 3564 76
449 3531 524 3583 sq.
1782 3540 1789 3549 ·

154 3600 220 3672 6)
253 3599 412 3671 Diog.
443 3598 534 3666 IX,
563 3600 657 3655 51.
726 3598 1052 3655 Wuctm
1035 3618 1094 3654 m
1129 3618 1264 3653 novo
1297 3616 1475 3653 musso
1506 3598 1765 3652 Rhenum
1790 3598 2111 3671 philologico
2142 3595 2301 3651 Tom.
2327 3593 2370 3649 Ι.

251 3708 308 3761 Ρ
343 3690 412 3739 14
445 3706 560 3759 um·

157 3776 220 3847 1)
257 3776 496 3829 SPBNGBL
531 3772 817 3846 Συναγωγη
851 3780 1042 3841 τεχνῶν
1074 3796 1128 3849 Ρ.
1162 3779 1236 3831 29
1267 3796 1342 3849 sq.
1377 3795 1428 3848 Ρ.
1462 3780 1551 3831 40.

155 3864 220 3933 2)
255 3863 410 3937 ΗίΡΡ.
445 3865 571 3918 min.
609 3886 660 3936 Ρ.
697 3868 818 3921 363.
887 3866 1033 3920 Prot.
1067 3888 1120 3939 p.
1155 3868 1262 3921 339
1296 3886 1410 3939 sqq.
1494 3864 1693 3933 Quales
1736 3862 1877 3936 apud
1912 3863 2197 3915 Platonem
2222 3856 2371 3909 inve-

253 3952 468 4003 niantur
501 3950 852 4023 sophistarum
889 3954 1304 4021 exeroitationes,
1340 3954 1465 4007 lieet
1497 3954 1564 4005 ab
1600 3954 1719 4023 ipso
1752 3948 2065 4023 philosopho
2099 3943 2371 4001 consectae

253 4038 385 4104 sint,
429 4038 564 4091 veris
610 4038 961 4111 sophistarum
1011 4042 1260 4113 operibus
1305 4039 1593 4095 simillimas
1628 4056 1764 4105 esse,
1809 4038 1921 4108 ipsa
1959 4054 2143 4088 earum
2178 4034 2371 4097 forma,

251 4136 315 4179 ut
344 4124 474 4177 mihi
507 4125 725 4193 videtur,
761 4127 882 4183 luce
919 4129 1112 4183 elarius
1145 4130 1314 4183 docet.
1384 4126 1548 4197 Quod
1582 4126 1883 4181 Athenaeus
1912 4124 2029 4196 (xl,
2066 4120 2211 4193 5⁰5.)
2247 4141 2372 4175 nar-

250 4224 358 4281 rat,
397 4212 650 4286 Gorgiam
685 4228 740 4270 et
770 4218 1118 4292 Protagoram
1154 4218 1406 4291 dialogos,
1439 4218 1549 4271 suis
1580 4206 1885 4272 n‘omiuibus
1916 4214 2216 4285 inscriptos,
2254 4224 2372 4265 tan-

253 4321 416 4378 quam
451 4302 851 4362 mendaciorum
887 4306 1076 4381 plenos
1108 4306 1380 4373 refellisse,
1411 4304 1719 4379 posterioris
1748 4301 1926 4359 aetatis
1951 4302 2229 4367 inventum
2265 4319 2373 4354 esse

251 4393 469 4448 videtur.
