<?xml version="1.0" encoding="UTF-8"?>
<!DOCTYPE html PUBLIC "-//W3C//DTD XHTML 1.0 Transitional//EN"
    "http://www.w3.org/TR/xhtml1/DTD/xhtml1-transitional.dtd">
<html xmlns="http://www.w3.org/1999/xhtml" xml:lang="en" lang="en">
 <head>
  <title>
</title>
<meta http-equiv="Content-Type" content="text/html;charset=utf-8" />
  <meta name='ocr-system' content='tesseract 3.04.00' />
  <meta name='ocr-capabilities' content='ocr_page ocr_carea ocr_par ocr_line ocrx_word'/>
</head>
<body>
  <div class='ocr_page' id='page_1' title='image "./dehistoricaedoc00roscgoog_0036.png"; bbox 0 0 2902 5099; ppageno 0'>
   <div class='ocr_carea' id='block_1_1' title="bbox 1685 305 1787 376">
    <p class='ocr_par' dir='ltr' id='par_1_1' title="bbox 1685 305 1787 376">
     <span class='ocr_line' id='line_1_1' title="bbox 1685 305 1787 376; baseline 0 0"><span class='ocrx_word' id='word_1_1' title='bbox 1685 305 1787 376; x_wconf 73' lang='lat'><strong>22</strong></span> 
     </span>
    </p>
   </div>
   <div class='ocr_carea' id='block_1_2' title="bbox 941 471 2489 570">
    <p class='ocr_par' dir='ltr' id='par_1_2' title="bbox 941 471 2489 570">
     <span class='ocr_line' id='line_1_2' title="bbox 941 471 2489 570; baseline 0.002 -20"><span class='ocrx_word' id='word_1_2' title='bbox 941 473 1051 552; x_wconf 75' lang='grc' dir='ltr'><strong>Οὐ</strong></span> <span class='ocrx_word' id='word_1_3' title='bbox 1089 475 1220 568; x_wconf 71' lang='grc' dir='ltr'><strong>γάρ</strong></span> <span class='ocrx_word' id='word_1_4' title='bbox 1259 504 1326 548; x_wconf 76' lang='grc' dir='ltr'><strong>τι</strong></span> <span class='ocrx_word' id='word_1_5' title='bbox 1367 479 1506 550; x_wconf 73' lang='grc' dir='ltr'><strong>νῦν</strong></span> <span class='ocrx_word' id='word_1_6' title='bbox 1542 503 1619 566; x_wconf 74' lang='grc' dir='ltr'><strong>γε</strong></span> <span class='ocrx_word' id='word_1_7' title='bbox 1662 471 1945 570; x_wconf 73' lang='grc' dir='ltr'><strong><em>κᾶχθὲς,</em></strong></span> <span class='ocrx_word' id='word_1_8' title='bbox 1984 475 2129 552; x_wconf 70' lang='grc' dir='ltr'><strong>ἄλλ’</strong></span> <span class='ocrx_word' id='word_1_9' title='bbox 2173 481 2281 552; x_wconf 76' lang='grc' dir='ltr'><strong>αἐἰ</strong></span> <span class='ocrx_word' id='word_1_10' title='bbox 2322 509 2489 554; x_wconf 76' lang='grc' dir='ltr'><strong>ποτε</strong></span> 
     </span>
    </p>
   </div>
   <div class='ocr_carea' id='block_1_3' title="bbox 605 579 2875 771">
    <p class='ocr_par' dir='ltr' id='par_1_3' title="bbox 605 579 2875 771">
     <span class='ocr_line' id='line_1_3' title="bbox 934 579 2433 672; baseline 0.003 -22"><span class='ocrx_word' id='word_1_11' title='bbox 934 584 1046 670; x_wconf 73' lang='grc' dir='ltr'><strong>Ζῇ</strong></span> <span class='ocrx_word' id='word_1_12' title='bbox 1083 583 1339 660; x_wconf 72' lang='grc' dir='ltr'><strong><em>ταῦτα,</em></strong></span> <span class='ocrx_word' id='word_1_13' title='bbox 1388 579 1639 658; x_wconf 73' lang='grc' dir='ltr'><em>κούδεις</em></span> <span class='ocrx_word' id='word_1_14' title='bbox 1678 581 1856 650; x_wconf 76' lang='grc' dir='ltr'><em>οἶδεν</em></span> <span class='ocrx_word' id='word_1_15' title='bbox 1896 590 1963 664; x_wconf 76' lang='grc' dir='ltr'><strong>ἐξ</strong></span> <span class='ocrx_word' id='word_1_16' title='bbox 2004 579 2164 654; x_wconf 81' lang='grc' dir='ltr'><strong><em>ὅτου</em></strong></span> <span class='ocrx_word' id='word_1_17' title='bbox 2204 583 2433 672; x_wconf 79' lang='grc' dir='ltr'><strong><em>’φανη.</em></strong></span> 
     </span>
     <span class='ocr_line' id='line_1_4' title="bbox 605 683 2875 771; baseline 0.003 -25"><span class='ocrx_word' id='word_1_18' title='bbox 605 685 846 746; x_wconf 87' lang='lat' dir='ltr'><strong>Verum</strong></span> <span class='ocrx_word' id='word_1_19' title='bbox 885 695 1096 746; x_wconf 88' lang='lat' dir='ltr'><strong>tamen</strong></span> <span class='ocrx_word' id='word_1_20' title='bbox 1133 685 1260 746; x_wconf 87' lang='lat' dir='ltr'><strong>iam</strong></span> <span class='ocrx_word' id='word_1_21' title='bbox 1303 683 1380 746; x_wconf 91' lang='lat' dir='ltr'><strong>de</strong></span> <span class='ocrx_word' id='word_1_22' title='bbox 1422 685 1829 766; x_wconf 79' lang='lat' dir='ltr'><strong>proprietatis</strong></span> <span class='ocrx_word' id='word_1_23' title='bbox 1872 686 2010 749; x_wconf 88' lang='lat' dir='ltr'><strong>iure</strong></span> <span class='ocrx_word' id='word_1_24' title='bbox 2026 731 2043 764; x_wconf 88' lang='lat'><strong>,</strong></span> <span class='ocrx_word' id='word_1_25' title='bbox 2106 689 2389 771; x_wconf 81' lang='lat' dir='ltr'><strong>quamvis</strong></span> <span class='ocrx_word' id='word_1_26' title='bbox 2445 689 2563 750; x_wconf 88' lang='lat' dir='ltr'><strong>hoc</strong></span> <span class='ocrx_word' id='word_1_27' title='bbox 2614 687 2875 771; x_wconf 84' lang='lat' dir='ltr'><strong>potissi-</strong></span> 
     </span>
    </p>
   </div>
   <div class='ocr_carea' id='block_1_4' title="bbox 602 785 2902 3654">
    <p class='ocr_par' dir='ltr' id='par_1_4' title="bbox 602 785 2902 3654">
     <span class='ocr_line' id='line_1_5' title="bbox 602 785 2871 875; baseline 0.001 -23"><span class='ocrx_word' id='word_1_28' title='bbox 602 810 774 852; x_wconf 87' lang='lat' dir='ltr'><strong>mum</strong></span> <span class='ocrx_word' id='word_1_29' title='bbox 819 791 948 852; x_wconf 87' lang='lat' dir='ltr'><strong>fere</strong></span> <span class='ocrx_word' id='word_1_30' title='bbox 991 809 1204 850; x_wconf 85' lang='lat' dir='ltr'><strong>rerum</strong></span> <span class='ocrx_word' id='word_1_31' title='bbox 1243 788 1637 869; x_wconf 82' lang='lat' dir='ltr'><strong>publicarum</strong></span> <span class='ocrx_word' id='word_1_32' title='bbox 1676 785 2145 854; x_wconf 82' lang='lat' dir='ltr'><strong>fundamentum</strong></span> <span class='ocrx_word' id='word_1_33' title='bbox 2188 793 2300 870; x_wconf 84' lang='lat' dir='ltr'><strong>sit,</strong></span> <span class='ocrx_word' id='word_1_34' title='bbox 2356 791 2505 875; x_wconf 89' lang='lat' dir='ltr'><strong>quia</strong></span> <span class='ocrx_word' id='word_1_35' title='bbox 2542 793 2871 854; x_wconf 86' lang='lat' dir='ltr'><strong>hominum</strong></span> 
     </span>
     <span class='ocr_line' id='line_1_6' title="bbox 606 891 2902 977; baseline 0.002 -23"><span class='ocrx_word' id='word_1_36' title='bbox 606 893 940 954; x_wconf 85' lang='lat' dir='ltr'><strong>sententiae</strong></span> <span class='ocrx_word' id='word_1_37' title='bbox 987 896 1152 954; x_wconf 87' lang='lat' dir='ltr'><strong>bona</strong></span> <span class='ocrx_word' id='word_1_38' title='bbox 1187 891 1310 955; x_wconf 89' lang='lat' dir='ltr'><strong>fide</strong></span> <span class='ocrx_word' id='word_1_39' title='bbox 1352 928 1439 940; x_wconf 93' lang='lat'><strong>-—</strong></span> <span class='ocrx_word' id='word_1_40' title='bbox 1479 906 1551 953; x_wconf 89' lang='lat' dir='ltr'><strong>ut</strong></span> <span class='ocrx_word' id='word_1_41' title='bbox 1590 894 1711 954; x_wconf 86' lang='lat' dir='ltr'><strong>hoc</strong></span> <span class='ocrx_word' id='word_1_42' title='bbox 1754 895 1949 957; x_wconf 73' lang='lat' dir='ltr'><strong>verbo</strong></span> <span class='ocrx_word' id='word_1_43' title='bbox 1991 907 2138 956; x_wconf 89' lang='lat' dir='ltr'><strong>utar</strong></span> <span class='ocrx_word' id='word_1_44' title='bbox 2167 930 2252 942; x_wconf 91' lang='lat'><strong>·-—</strong></span> <span class='ocrx_word' id='word_1_45' title='bbox 2294 895 2363 956; x_wconf 89' lang='lat' dir='ltr'><strong>in</strong></span> <span class='ocrx_word' id='word_1_46' title='bbox 2404 893 2679 958; x_wconf 84' lang='lat' dir='ltr'><strong>diversas</strong></span> <span class='ocrx_word' id='word_1_47' title='bbox 2726 919 2872 977; x_wconf 85' lang='lat' dir='ltr'><strong>par-</strong></span> <span class='ocrx_word' id='word_1_48' title='bbox 2901 937 2902 964; x_wconf 51' lang='grc'>;</span> 
     </span>
     <span class='ocr_line' id='line_1_7' title="bbox 606 989 2871 1077; baseline 0.002 -21"><span class='ocrx_word' id='word_1_49' title='bbox 606 1005 700 1056; x_wconf 87' lang='lat' dir='ltr'><strong>tes</strong></span> <span class='ocrx_word' id='word_1_50' title='bbox 743 993 1053 1056; x_wconf 88' lang='lat' dir='ltr'><strong>discedere</strong></span> <span class='ocrx_word' id='word_1_51' title='bbox 1096 1006 1388 1077; x_wconf 85' lang='lat' dir='ltr'><strong>possunt,</strong></span> <span class='ocrx_word' id='word_1_52' title='bbox 1434 995 1531 1058; x_wconf 82' lang='lat' dir='ltr'><strong>ius</strong></span> <span class='ocrx_word' id='word_1_53' title='bbox 1576 989 1737 1057; x_wconf 90' lang='lat' dir='ltr'><strong>illud</strong></span> <span class='ocrx_word' id='word_1_54' title='bbox 1778 997 2059 1060; x_wconf 82' lang='lat' dir='ltr'><strong>fortioris</strong></span> <span class='ocrx_word' id='word_1_55' title='bbox 2101 998 2203 1060; x_wconf 82' lang='lat' dir='ltr'><strong>vel</strong></span> <span class='ocrx_word' id='word_1_56' title='bbox 2244 999 2347 1059; x_wconf 86' lang='lat' dir='ltr'><strong>hie</strong></span> <span class='ocrx_word' id='word_1_57' title='bbox 2388 998 2660 1060; x_wconf 81' lang='lat' dir='ltr'><strong>inveniri</strong></span> <span class='ocrx_word' id='word_1_58' title='bbox 2700 1001 2871 1060; x_wconf 88' lang='lat' dir='ltr'><strong>licet.</strong></span> 
     </span>
     <span class='ocr_line' id='line_1_8' title="bbox 605 1094 2902 1196; baseline 0.003 -40"><span class='ocrx_word' id='word_1_59' title='bbox 605 1094 807 1158; x_wconf 90' lang='lat' dir='ltr'><strong>Nemo</strong></span> <span class='ocrx_word' id='word_1_60' title='bbox 851 1097 1101 1180; x_wconf 89' lang='lat' dir='ltr'><strong>quidem</strong></span> <span class='ocrx_word' id='word_1_61' title='bbox 1143 1097 1455 1180; x_wconf 87' lang='lat' dir='ltr'><strong>profecto,</strong></span> <span class='ocrx_word' id='word_1_62' title='bbox 1498 1117 1677 1158; x_wconf 90' lang='lat' dir='ltr'><strong>suum</strong></span> <span class='ocrx_word' id='word_1_63' title='bbox 1720 1099 1942 1181; x_wconf 89' lang='lat' dir='ltr'><strong>cuique</strong></span> <span class='ocrx_word' id='word_1_64' title='bbox 1986 1099 2389 1162; x_wconf 73' lang='lat' dir='ltr'><strong>tribuendum</strong></span> <span class='ocrx_word' id='word_1_65' title='bbox 2432 1121 2595 1179; x_wconf 89' lang='lat' dir='ltr'><strong>esse,</strong></span> <span class='ocrx_word' id='word_1_66' title='bbox 2636 1103 2869 1164; x_wconf 82' lang='lat' dir='ltr'><strong>infitias</strong></span> <span class='ocrx_word' id='word_1_67' title='bbox 2901 1153 2902 1196; x_wconf 21' lang='grc' dir='ltr'>ᾗ</span> 
     </span>
     <span class='ocr_line' id='line_1_9' title="bbox 608 1196 2902 1288; baseline 0.003 -30"><span class='ocrx_word' id='word_1_68' title='bbox 608 1196 758 1276; x_wconf 84' lang='lat' dir='ltr'><strong>ibit3</strong></span> <span class='ocrx_word' id='word_1_69' title='bbox 819 1199 1114 1282; x_wconf 84' lang='lat' dir='ltr'>quidnam</span> <span class='ocrx_word' id='word_1_70' title='bbox 1154 1214 1360 1262; x_wconf 88' lang='lat' dir='ltr'><strong>autem</strong></span> <span class='ocrx_word' id='word_1_71' title='bbox 1398 1200 1481 1260; x_wconf 87' lang='lat' dir='ltr'><strong>sit</strong></span> <span class='ocrx_word' id='word_1_72' title='bbox 1494 1245 1513 1276; x_wconf 93' lang='lat'><em>‚</em></span> <span class='ocrx_word' id='word_1_73' title='bbox 1576 1199 1747 1284; x_wconf 90' lang='lat' dir='ltr'><strong>quod</strong></span> <span class='ocrx_word' id='word_1_74' title='bbox 1798 1202 1960 1264; x_wconf 84' lang='lat' dir='ltr'><strong>iuste</strong></span> <span class='ocrx_word' id='word_1_75' title='bbox 2013 1215 2311 1285; x_wconf 89' lang='lat' dir='ltr'><strong>tanquam</strong></span> <span class='ocrx_word' id='word_1_76' title='bbox 2364 1225 2544 1266; x_wconf 85' lang='lat' dir='ltr'><strong>suum</strong></span> <span class='ocrx_word' id='word_1_77' title='bbox 2602 1207 2902 1288; x_wconf 80' lang='lat' dir='ltr'><strong>quisque</strong></span> 
     </span>
     <span class='ocr_line' id='line_1_10' title="bbox 607 1299 2873 1385; baseline 0.003 -23"><span class='ocrx_word' id='word_1_78' title='bbox 607 1299 924 1364; x_wconf 77' lang='lat' dir='ltr'><strong>vindicare</strong></span> <span class='ocrx_word' id='word_1_79' title='bbox 959 1304 1174 1385; x_wconf 86' lang='lat' dir='ltr'><strong>possit,</strong></span> <span class='ocrx_word' id='word_1_80' title='bbox 1215 1303 1351 1363; x_wconf 86' lang='lat' dir='ltr'><strong>aliis</strong></span> <span class='ocrx_word' id='word_1_81' title='bbox 1393 1304 1779 1382; x_wconf 76' lang='lat' dir='ltr'><strong>temporibus</strong></span> <span class='ocrx_word' id='word_1_82' title='bbox 1814 1305 2000 1381; x_wconf 89' lang='lat' dir='ltr'><strong>aliter</strong></span> <span class='ocrx_word' id='word_1_83' title='bbox 2032 1302 2419 1366; x_wconf 82' lang='lat' dir='ltr'><strong>decernetur.</strong></span> <span class='ocrx_word' id='word_1_84' title='bbox 2502 1307 2599 1368; x_wconf 85' lang='lat' dir='ltr'><strong>Ita</strong></span> <span class='ocrx_word' id='word_1_85' title='bbox 2638 1309 2873 1369; x_wconf 80' lang='lat' dir='ltr'><strong>vecti-</strong></span> 
     </span>
     <span class='ocr_line' id='line_1_11' title="bbox 609 1404 2868 1493; baseline 0.004 -32"><span class='ocrx_word' id='word_1_86' title='bbox 609 1404 890 1480; x_wconf 85' lang='lat' dir='ltr'><strong>galium</strong></span> <span class='ocrx_word' id='word_1_87' title='bbox 947 1427 985 1466; x_wconf 91' lang='lat' dir='ltr'><strong>a</strong></span> <span class='ocrx_word' id='word_1_88' title='bbox 1047 1406 1336 1468; x_wconf 88' lang='lat' dir='ltr'><strong>colonis</strong></span> <span class='ocrx_word' id='word_1_89' title='bbox 1402 1404 1701 1468; x_wconf 89' lang='lat' dir='ltr'><strong>domino</strong></span> <span class='ocrx_word' id='word_1_90' title='bbox 1780 1407 2411 1488; x_wconf 88' lang='lat' dir='ltr'><strong>praestandorum</strong></span> <span class='ocrx_word' id='word_1_91' title='bbox 2488 1430 2646 1493; x_wconf 85' lang='lat' dir='ltr'><strong>quae</strong></span> <span class='ocrx_word' id='word_1_92' title='bbox 2724 1423 2868 1470; x_wconf 89' lang='lat' dir='ltr'><strong>ante</strong></span> 
     </span>
     <span class='ocr_line' id='line_1_12' title="bbox 609 1498 2873 1594; baseline 0.005 -32"><span class='ocrx_word' id='word_1_93' title='bbox 609 1516 856 1566; x_wconf 88' lang='lat' dir='ltr'><strong>centum</strong></span> <span class='ocrx_word' id='word_1_94' title='bbox 912 1520 976 1570; x_wconf 90' lang='lat' dir='ltr'><strong>et</strong></span> <span class='ocrx_word' id='word_1_95' title='bbox 1029 1507 1479 1590; x_wconf 67' lang='lat' dir='ltr'><strong>quinquaginta</strong></span> <span class='ocrx_word' id='word_1_96' title='bbox 1532 1530 1725 1571; x_wconf 88' lang='lat' dir='ltr'><strong>annos</strong></span> <span class='ocrx_word' id='word_1_97' title='bbox 1782 1532 1861 1573; x_wconf 89' lang='lat' dir='ltr'><strong>ne</strong></span> <span class='ocrx_word' id='word_1_98' title='bbox 1917 1498 2191 1572; x_wconf 59' lang='lat' dir='ltr'><strong>minima=</strong></span> <span class='ocrx_word' id='word_1_99' title='bbox 2227 1511 2513 1594; x_wconf 88' lang='lat' dir='ltr'><strong>quidem,</strong></span> <span class='ocrx_word' id='word_1_100' title='bbox 2574 1534 2656 1574; x_wconf 91' lang='lat' dir='ltr'><strong>an</strong></span> <span class='ocrx_word' id='word_1_101' title='bbox 2710 1512 2873 1574; x_wconf 86' lang='lat' dir='ltr'><strong>iusta</strong></span> 
     </span>
     <span class='ocr_line' id='line_1_13' title="bbox 611 1605 2873 1693; baseline 0.005 -30"><span class='ocrx_word' id='word_1_102' title='bbox 611 1619 816 1680; x_wconf 81' lang='lat' dir='ltr'><strong>essent</strong></span> <span class='ocrx_word' id='word_1_103' title='bbox 827 1653 846 1686; x_wconf 90' lang='lat'><strong><em>,</em></strong></span> <span class='ocrx_word' id='word_1_104' title='bbox 911 1607 1295 1672; x_wconf 85' lang='lat' dir='ltr'><strong>dubitatione</strong></span> <span class='ocrx_word' id='word_1_105' title='bbox 1353 1612 1763 1674; x_wconf 75' lang='lat' dir='ltr'><strong>versabantur</strong></span> <span class='ocrx_word' id='word_1_106' title='bbox 1776 1655 1795 1689; x_wconf 91' lang='lat'><strong><em>,</em></strong></span> <span class='ocrx_word' id='word_1_107' title='bbox 1824 1611 1975 1673; x_wconf 46' lang='lat' dir='ltr'><strong>«iam</strong></span> <span class='ocrx_word' id='word_1_108' title='bbox 2026 1612 2213 1680; x_wconf 86' lang='lat' dir='ltr'><strong>hodie</strong></span> <span class='ocrx_word' id='word_1_109' title='bbox 2263 1605 2588 1693; x_wconf 80' lang='lat' dir='ltr'><strong>permultis</strong></span> <span class='ocrx_word' id='word_1_110' title='bbox 2641 1615 2873 1676; x_wconf 86' lang='lat' dir='ltr'><strong>iniusta</strong></span> 
     </span>
     <span class='ocr_line' id='line_1_14' title="bbox 610 1699 2873 1796; baseline 0.004 -28"><span class='ocrx_word' id='word_1_111' title='bbox 610 1706 814 1770; x_wconf 75' lang='lat' dir='ltr'><strong>videri</strong></span> <span class='ocrx_word' id='word_1_112' title='bbox 857 1722 1074 1791; x_wconf 90' lang='lat' dir='ltr'><strong>coepta</strong></span> <span class='ocrx_word' id='word_1_113' title='bbox 1113 1721 1288 1788; x_wconf 88' lang='lat' dir='ltr'><strong>sunt,</strong></span> <span class='ocrx_word' id='word_1_114' title='bbox 1347 1710 1503 1772; x_wconf 85' lang='lat' dir='ltr'><strong>adeo</strong></span> <span class='ocrx_word' id='word_1_115' title='bbox 1553 1725 1626 1772; x_wconf 90' lang='lat' dir='ltr'><strong>ut</strong></span> <span class='ocrx_word' id='word_1_116' title='bbox 1674 1719 1801 1772; x_wconf 85' lang='lat' dir='ltr'><strong>u&#39;no</strong></span> <span class='ocrx_word' id='word_1_117' title='bbox 1834 1699 2109 1794; x_wconf 44' lang='lat' dir='ltr'><strong>&#39;amplius</strong></span> <span class='ocrx_word' id='word_1_118' title='bbox 2151 1716 2394 1776; x_wconf 69' lang='lat' dir='ltr'><strong>saeculo</strong></span> <span class='ocrx_word' id='word_1_119' title='bbox 2435 1729 2687 1796; x_wconf 87' lang='lat' dir='ltr'><strong>peracto</strong></span> <span class='ocrx_word' id='word_1_120' title='bbox 2738 1720 2873 1778; x_wconf 88' lang='lat' dir='ltr'><strong>nul-</strong></span> 
     </span>
     <span class='ocr_line' id='line_1_15' title="bbox 611 1802 2873 1897; baseline 0.005 -28"><span class='ocrx_word' id='word_1_121' title='bbox 611 1810 744 1870; x_wconf 88' lang='lat' dir='ltr'><strong>lum</strong></span> <span class='ocrx_word' id='word_1_122' title='bbox 785 1813 1044 1874; x_wconf 84' lang='lat' dir='ltr'><strong>fortasse</strong></span> <span class='ocrx_word' id='word_1_123' title='bbox 1099 1802 1316 1874; x_wconf 84' lang='lat' dir='ltr'><strong>eorum</strong></span> <span class='ocrx_word' id='word_1_124' title='bbox 1356 1833 1745 1876; x_wconf 88' lang='lat' dir='ltr'><strong>communem</strong></span> <span class='ocrx_word' id='word_1_125' title='bbox 1796 1815 2097 1880; x_wconf 82' lang='lat' dir='ltr'><strong>invidiam</strong></span> <span class='ocrx_word' id='word_1_126' title='bbox 2144 1808 2447 1897; x_wconf 82' lang='lat' dir='ltr'><strong>effugerit.</strong></span> <span class='ocrx_word' id='word_1_127' title='bbox 2486 1855 2572 1866; x_wconf 91' lang='lat'><strong>--</strong></span> <span class='ocrx_word' id='word_1_128' title='bbox 2642 1817 2873 1881; x_wconf 84' lang='lat' dir='ltr'><strong>Eadem</strong></span> 
     </span>
     <span class='ocr_line' id='line_1_16' title="bbox 611 1911 2877 2016; baseline 0.006 -44"><span class='ocrx_word' id='word_1_129' title='bbox 611 1911 744 1987; x_wconf 61' lang='lat' dir='ltr'><strong>{ere</strong></span> <span class='ocrx_word' id='word_1_130' title='bbox 790 1915 983 2016; x_wconf 32' lang='lat' dir='ltr'><strong>iurixs</strong></span> <span class='ocrx_word' id='word_1_131' title='bbox 1026 1916 1354 1978; x_wconf 83' lang='lat' dir='ltr'><strong>feudalis</strong></span> <span class='ocrx_word' id='word_1_132' title='bbox 1396 1918 1664 1993; x_wconf 80' lang='lat' dir='ltr'><strong>historia</strong></span> <span class='ocrx_word' id='word_1_133' title='bbox 1704 1921 1977 2000; x_wconf 79' lang='lat' dir='ltr'><strong>suggerit</strong></span> <span class='ocrx_word' id='word_1_134' title='bbox 2018 1923 2319 2002; x_wconf 81' lang='lat' dir='ltr'><strong>exempla.</strong></span> <span class='ocrx_word' id='word_1_135' title='bbox 2415 1921 2625 1984; x_wconf 86' lang='lat' dir='ltr'><strong>Caroli</strong></span> <span class='ocrx_word' id='word_1_136' title='bbox 2662 1925 2877 2004; x_wconf 83' lang='lat' dir='ltr'><strong>Magni</strong></span> 
     </span>
     <span class='ocr_line' id='line_1_17' title="bbox 613 2018 2877 2106; baseline 0.006 -32"><span class='ocrx_word' id='word_1_137' title='bbox 613 2029 814 2078; x_wconf 88' lang='lat' dir='ltr'><strong>aetate</strong></span> <span class='ocrx_word' id='word_1_138' title='bbox 834 2096 840 2106; x_wconf 83' lang='lat'><em>.</em></span> <span class='ocrx_word' id='word_1_139' title='bbox 859 2018 915 2081; x_wconf 89' lang='lat' dir='ltr'><strong>si</strong></span> <span class='ocrx_word' id='word_1_140' title='bbox 942 2019 1095 2101; x_wconf 73' lang='lat' dir='ltr'><strong>vquis</strong></span> <span class='ocrx_word' id='word_1_141' title='bbox 1139 2019 1434 2096; x_wconf 73' lang='lat' dir='ltr'><strong>vasallus,</strong></span> <span class='ocrx_word' id='word_1_142' title='bbox 1478 2019 1680 2082; x_wconf 83' lang='lat' dir='ltr'><strong>invito</strong></span> <span class='ocrx_word' id='word_1_143' title='bbox 1725 2020 1977 2084; x_wconf 88' lang='lat' dir='ltr'><strong>domino</strong></span> <span class='ocrx_word' id='word_1_144' title='bbox 1990 2067 2011 2100; x_wconf 90' lang='lat'><em>,</em></span> <span class='ocrx_word' id='word_1_145' title='bbox 2054 2022 2307 2085; x_wconf 87' lang='lat' dir='ltr'><strong>feudum</strong></span> <span class='ocrx_word' id='word_1_146' title='bbox 2348 2044 2529 2086; x_wconf 88' lang='lat' dir='ltr'><strong>suum</strong></span> <span class='ocrx_word' id='word_1_147' title='bbox 2567 2026 2877 2087; x_wconf 83' lang='lat' dir='ltr'><strong>heredita-</strong></span> 
     </span>
     <span class='ocr_line' id='line_1_18' title="bbox 613 2117 2873 2208; baseline 0.005 -30"><span class='ocrx_word' id='word_1_148' title='bbox 613 2117 694 2180; x_wconf 81' lang='lat' dir='ltr'><strong>tis</strong></span> <span class='ocrx_word' id='word_1_149' title='bbox 731 2121 876 2208; x_wconf 25' lang='lat' dir='ltr'><strong>‘iure</strong></span> <span class='ocrx_word' id='word_1_150' title='bbox 930 2122 1284 2203; x_wconf 85' lang='lat' dir='ltr'><strong>relinquere</strong></span> <span class='ocrx_word' id='word_1_151' title='bbox 1339 2123 1671 2200; x_wconf 73' lang='lat' dir='ltr'><strong>voluisset,</strong></span> <span class='ocrx_word' id='word_1_152' title='bbox 1727 2123 2026 2184; x_wconf 84' lang='lat' dir='ltr'><strong>nefandae</strong></span> <span class='ocrx_word' id='word_1_153' title='bbox 2071 2125 2147 2184; x_wconf 85' lang='lat' dir='ltr'><strong>ab</strong></span> <span class='ocrx_word' id='word_1_154' title='bbox 2203 2125 2485 2196; x_wconf 79' lang='lat' dir='ltr'><strong>omnibus</strong></span> <span class='ocrx_word' id='word_1_155' title='bbox 2534 2128 2873 2208; x_wconf 82' lang='lat' dir='ltr'><strong>impietatis</strong></span> 
     </span>
     <span class='ocr_line' id='line_1_19' title="bbox 613 2221 2875 2308; baseline 0.002 -20"><span class='ocrx_word' id='word_1_156' title='bbox 613 2221 1076 2306; x_wconf 85' lang='lat' dir='ltr'><strong>iniustitiaeque</strong></span> <span class='ocrx_word' id='word_1_157' title='bbox 1135 2225 1376 2285; x_wconf 87' lang='lat' dir='ltr'><strong>macula</strong></span> <span class='ocrx_word' id='word_1_158' title='bbox 1435 2245 1719 2305; x_wconf 86' lang='lat' dir='ltr'><strong>aspersus</strong></span> <span class='ocrx_word' id='word_1_159' title='bbox 1776 2239 1953 2288; x_wconf 87' lang='lat' dir='ltr'><strong>esset.</strong></span> <span class='ocrx_word' id='word_1_160' title='bbox 2059 2224 2349 2308; x_wconf 87' lang='lat' dir='ltr'><strong>Quinque</strong></span> <span class='ocrx_word' id='word_1_161' title='bbox 2408 2247 2560 2289; x_wconf 79' lang='lat' dir='ltr'><strong>vero</strong></span> <span class='ocrx_word' id='word_1_162' title='bbox 2616 2234 2875 2293; x_wconf 81' lang='lat' dir='ltr'><strong>saeculis</strong></span> 
     </span>
     <span class='ocr_line' id='line_1_20' title="bbox 613 2315 2871 2410; baseline 0.004 -27"><span class='ocrx_word' id='word_1_163' title='bbox 613 2337 757 2404; x_wconf 83' lang='lat' dir='ltr'><strong>post</strong></span> <span class='ocrx_word' id='word_1_164' title='bbox 772 2369 790 2402; x_wconf 89' lang='lat'><strong><em>,</em></strong></span> <span class='ocrx_word' id='word_1_165' title='bbox 831 2328 934 2388; x_wconf 83' lang='lat' dir='ltr'><strong>vel</strong></span> <span class='ocrx_word' id='word_1_166' title='bbox 975 2326 1086 2387; x_wconf 91' lang='lat' dir='ltr'><strong>ubi</strong></span> <span class='ocrx_word' id='word_1_167' title='bbox 1125 2328 1298 2388; x_wconf 87' lang='lat' dir='ltr'><strong>nulla</strong></span> <span class='ocrx_word' id='word_1_168' title='bbox 1337 2327 1435 2388; x_wconf 82' lang='lat' dir='ltr'><strong>his</strong></span> <span class='ocrx_word' id='word_1_169' title='bbox 1480 2327 1559 2390; x_wconf 82' lang='lat' dir='ltr'><strong>de</strong></span> <span class='ocrx_word' id='word_1_170' title='bbox 1599 2330 1785 2392; x_wconf 89' lang='lat' dir='ltr'><strong>rebus</strong></span> <span class='ocrx_word' id='word_1_171' title='bbox 1828 2342 1936 2394; x_wconf 85' lang='lat' dir='ltr'><strong>aut</strong></span> <span class='ocrx_word' id='word_1_172' title='bbox 1973 2315 2082 2391; x_wconf 84' lang='lat' dir='ltr'><strong>lex</strong></span> <span class='ocrx_word' id='word_1_173' title='bbox 2122 2341 2231 2391; x_wconf 89' lang='lat' dir='ltr'><strong>aut</strong></span> <span class='ocrx_word' id='word_1_174' title='bbox 2271 2328 2476 2410; x_wconf 86' lang='lat' dir='ltr'><strong>pactio</strong></span> <span class='ocrx_word' id='word_1_175' title='bbox 2519 2329 2680 2392; x_wconf 86' lang='lat' dir='ltr'><strong>faeta</strong></span> <span class='ocrx_word' id='word_1_176' title='bbox 2732 2348 2871 2410; x_wconf 86' lang='lat' dir='ltr'><strong>erat,</strong></span> 
     </span>
     <span class='ocr_line' id='line_1_21' title="bbox 614 2426 2872 2516; baseline 0.004 -27"><span class='ocrx_word' id='word_1_177' title='bbox 614 2426 878 2490; x_wconf 76' lang='lat' dir='ltr'><strong>vixdum</strong></span> <span class='ocrx_word' id='word_1_178' title='bbox 915 2441 1122 2492; x_wconf 87' lang='lat' dir='ltr'><strong>mente</strong></span> <span class='ocrx_word' id='word_1_179' title='bbox 1164 2430 1284 2492; x_wconf 88' lang='lat' dir='ltr'><strong>sibi</strong></span> <span class='ocrx_word' id='word_1_180' title='bbox 1323 2429 1557 2512; x_wconf 85' lang='lat' dir='ltr'><strong>fingere</strong></span> <span class='ocrx_word' id='word_1_181' title='bbox 1594 2445 1957 2514; x_wconf 88' lang='lat' dir='ltr'><strong>potuerunt,</strong></span> <span class='ocrx_word' id='word_1_182' title='bbox 2000 2430 2311 2516; x_wconf 88' lang='lat' dir='ltr'><strong>quomodo</strong></span> <span class='ocrx_word' id='word_1_183' title='bbox 2350 2432 2550 2494; x_wconf 82' lang='lat' dir='ltr'><strong>iustus</strong></span> <span class='ocrx_word' id='word_1_184' title='bbox 2590 2430 2872 2496; x_wconf 85' lang='lat' dir='ltr'><strong>dominus</strong></span> 
     </span>
     <span class='ocr_line' id='line_1_22' title="bbox 614 2531 2873 2617; baseline 0.004 -26"><span class='ocrx_word' id='word_1_185' title='bbox 614 2531 1054 2597; x_wconf 84' lang='lat' dir='ltr'><strong>hereditariam</strong></span> <span class='ocrx_word' id='word_1_186' title='bbox 1069 2581 1087 2614; x_wconf 89' lang='lat'>‚</span> <span class='ocrx_word' id='word_1_187' title='bbox 1143 2547 1217 2597; x_wconf 88' lang='lat' dir='ltr'><strong>ut</strong></span> <span class='ocrx_word' id='word_1_188' title='bbox 1272 2535 1362 2598; x_wconf 88' lang='lat' dir='ltr'><strong>ita</strong></span> <span class='ocrx_word' id='word_1_189' title='bbox 1410 2534 1609 2597; x_wconf 88' lang='lat' dir='ltr'><strong>dicam</strong></span> <span class='ocrx_word' id='word_1_190' title='bbox 1622 2579 1643 2613; x_wconf 88' lang='lat'><strong><em>,</em></strong></span> <span class='ocrx_word' id='word_1_191' title='bbox 1696 2535 2027 2599; x_wconf 90' lang='lat' dir='ltr'><strong>feudorum</strong></span> <span class='ocrx_word' id='word_1_192' title='bbox 2074 2534 2438 2617; x_wconf 86' lang='lat' dir='ltr'><strong>qualitatem</strong></span> <span class='ocrx_word' id='word_1_193' title='bbox 2483 2555 2595 2597; x_wconf 89' lang='lat' dir='ltr'><strong>suo</strong></span> <span class='ocrx_word' id='word_1_194' title='bbox 2646 2533 2873 2599; x_wconf 83' lang='lat' dir='ltr'><strong>iudicio</strong></span> 
     </span>
     <span class='ocr_line' id='line_1_23' title="bbox 615 2633 2875 2724; baseline 0.004 -29"><span class='ocrx_word' id='word_1_195' title='bbox 615 2634 978 2715; x_wconf 85' lang='lat' dir='ltr'><strong>impugnare</strong></span> <span class='ocrx_word' id='word_1_196' title='bbox 1015 2649 1344 2697; x_wconf 83' lang='lat' dir='ltr'><strong>conaretur</strong></span> <span class='ocrx_word' id='word_1_197' title='bbox 1369 2633 1445 2720; x_wconf 68' lang='grc' dir='ltr'><strong>ὅ).</strong></span> <span class='ocrx_word' id='word_1_198' title='bbox 1472 2672 1559 2683; x_wconf 88' lang='grc'><strong>-</strong></span> <span class='ocrx_word' id='word_1_199' title='bbox 1604 2636 1708 2699; x_wconf 81' lang='lat' dir='ltr'><strong>sio</strong></span> <span class='ocrx_word' id='word_1_200' title='bbox 1750 2637 1921 2719; x_wconf 81' lang='lat' dir='ltr'><strong>apud</strong></span> <span class='ocrx_word' id='word_1_201' title='bbox 1960 2638 2013 2701; x_wconf 83' lang='lat' dir='ltr'>F</span> <span class='ocrx_word' id='word_1_202' title='bbox 2012 2640 2423 2718; x_wconf 83' lang='lat' dir='ltr'><strong>rancogallos,</strong></span> <span class='ocrx_word' id='word_1_203' title='bbox 2449 2674 2535 2686; x_wconf 87' lang='lat'><strong>—-</strong></span> <span class='ocrx_word' id='word_1_204' title='bbox 2577 2661 2743 2724; x_wconf 89' lang='lat' dir='ltr'><strong>quae</strong></span> <span class='ocrx_word' id='word_1_205' title='bbox 2784 2662 2875 2704; x_wconf 83' lang='lat' dir='ltr'><strong>res</strong></span> 
     </span>
     <span class='ocr_line' id='line_1_24' title="bbox 613 2724 2875 2825; baseline 0.004 -30"><span class='ocrx_word' id='word_1_206' title='bbox 613 2755 871 2815; x_wconf 82' lang='lat' dir='ltr'><strong>prorsus</strong></span> <span class='ocrx_word' id='word_1_207' title='bbox 928 2736 1170 2799; x_wconf 85' lang='lat' dir='ltr'><strong>redolet</strong></span> <span class='ocrx_word' id='word_1_208' title='bbox 1225 2724 1524 2818; x_wconf 81' lang='lat' dir='ltr'><strong>temporis</strong></span> <span class='ocrx_word' id='word_1_209' title='bbox 1578 2739 1897 2819; x_wconf 82' lang='lat' dir='ltr'><strong>ingenium</strong></span> <span class='ocrx_word' id='word_1_210' title='bbox 1949 2742 2359 2805; x_wconf 74' lang='lat' dir='ltr'><strong>recentissimi</strong></span> <span class='ocrx_word' id='word_1_211' title='bbox 2408 2778 2495 2789; x_wconf 89' lang='lat'><em>-</em></span> <span class='ocrx_word' id='word_1_212' title='bbox 2550 2763 2752 2825; x_wconf 92' lang='lat' dir='ltr'><strong>quum</strong></span> <span class='ocrx_word' id='word_1_213' title='bbox 2808 2765 2875 2805; x_wconf 85' lang='lat' dir='ltr'><strong>eo</strong></span> 
     </span>
     <span class='ocr_line' id='line_1_25' title="bbox 613 2840 2877 2925; baseline 0.004 -24"><span class='ocrx_word' id='word_1_214' title='bbox 613 2840 742 2901; x_wconf 88' lang='lat' dir='ltr'><strong>iam</strong></span> <span class='ocrx_word' id='word_1_215' title='bbox 785 2851 1112 2922; x_wconf 73' lang='lat' dir='ltr'><strong>progressa</strong></span> <span class='ocrx_word' id='word_1_216' title='bbox 1169 2840 1252 2903; x_wconf 86' lang='lat' dir='ltr'><strong>sit</strong></span> <span class='ocrx_word' id='word_1_217' title='bbox 1303 2842 1627 2923; x_wconf 84' lang='lat' dir='ltr'><strong>popularis</strong></span> <span class='ocrx_word' id='word_1_218' title='bbox 1684 2865 1873 2925; x_wconf 88' lang='lat' dir='ltr'><strong>quam</strong></span> <span class='ocrx_word' id='word_1_219' title='bbox 1930 2842 2142 2907; x_wconf 89' lang='lat' dir='ltr'><strong>dicunt</strong></span> <span class='ocrx_word' id='word_1_220' title='bbox 2194 2846 2451 2907; x_wconf 87' lang='lat' dir='ltr'><strong>libertas</strong></span> <span class='ocrx_word' id='word_1_221' title='bbox 2464 2890 2482 2923; x_wconf 92' lang='lat'><strong><em>,</em></strong></span> <span class='ocrx_word' id='word_1_222' title='bbox 2546 2859 2619 2909; x_wconf 91' lang='lat' dir='ltr'><strong>ut</strong></span> <span class='ocrx_word' id='word_1_223' title='bbox 2671 2851 2877 2910; x_wconf 85' lang='lat' dir='ltr'><strong>omnia</strong></span> 
     </span>
     <span class='ocr_line' id='line_1_26' title="bbox 613 2944 2878 3029; baseline 0.003 -23"><span class='ocrx_word' id='word_1_224' title='bbox 613 2944 922 3006; x_wconf 87' lang='lat' dir='ltr'><strong>maiorum</strong></span> <span class='ocrx_word' id='word_1_225' title='bbox 960 2945 1276 3022; x_wconf 85' lang='lat' dir='ltr'><strong>instituta,</strong></span> <span class='ocrx_word' id='word_1_226' title='bbox 1321 2957 1660 3025; x_wconf 91' lang='lat' dir='ltr'><strong>propterea</strong></span> <span class='ocrx_word' id='word_1_227' title='bbox 1700 2947 1871 3029; x_wconf 87' lang='lat' dir='ltr'><strong>quod</strong></span> <span class='ocrx_word' id='word_1_228' title='bbox 1911 2948 2217 3011; x_wconf 86' lang='lat' dir='ltr'><strong>maiorum</strong></span> <span class='ocrx_word' id='word_1_229' title='bbox 2260 2950 2385 3011; x_wconf 88' lang='lat' dir='ltr'><strong>sint</strong></span> <span class='ocrx_word' id='word_1_230' title='bbox 2400 2994 2417 3026; x_wconf 92' lang='lat'>‚</span> <span class='ocrx_word' id='word_1_231' title='bbox 2460 2949 2878 3015; x_wconf 78' lang='lat' dir='ltr'><strong>intolerabilia</strong></span> 
     </span>
     <span class='ocr_line' id='line_1_27' title="bbox 616 3045 2881 3130; baseline 0.004 -21"><span class='ocrx_word' id='word_1_232' title='bbox 616 3045 946 3111; x_wconf 61' lang='lat' dir='ltr'><strong>videantur</strong></span> <span class='ocrx_word' id='word_1_233' title='bbox 959 3094 977 3127; x_wconf 91' lang='lat'><strong><em>,</em></strong></span> <span class='ocrx_word' id='word_1_234' title='bbox 1031 3048 1258 3111; x_wconf 82' lang='lat' dir='ltr'><strong>Lafitte</strong></span> <span class='ocrx_word' id='word_1_235' title='bbox 1273 3092 1292 3126; x_wconf 91' lang='lat'><strong><em>,</em></strong></span> <span class='ocrx_word' id='word_1_236' title='bbox 1354 3048 1455 3111; x_wconf 91' lang='lat' dir='ltr'><strong>cui</strong></span> <span class='ocrx_word' id='word_1_237' title='bbox 1492 3069 1776 3127; x_wconf 85' lang='lat' dir='ltr'><strong>magnam</strong></span> <span class='ocrx_word' id='word_1_238' title='bbox 1816 3050 2189 3130; x_wconf 76' lang='lat' dir='ltr'><strong>integritatis</strong></span> <span class='ocrx_word' id='word_1_239' title='bbox 2230 3050 2476 3113; x_wconf 87' lang='lat' dir='ltr'><strong>laudem</strong></span> <span class='ocrx_word' id='word_1_240' title='bbox 2515 3054 2729 3116; x_wconf 87' lang='lat' dir='ltr'><strong>nullus</strong></span> <span class='ocrx_word' id='word_1_241' title='bbox 2780 3055 2881 3117; x_wconf 90' lang='lat' dir='ltr'><strong>de-</strong></span> 
     </span>
     <span class='ocr_line' id='line_1_28' title="bbox 616 3150 2879 3240; baseline 0.006 -29"><span class='ocrx_word' id='word_1_242' title='bbox 616 3151 880 3230; x_wconf 83' lang='lat' dir='ltr'><strong>rogabit,</strong></span> <span class='ocrx_word' id='word_1_243' title='bbox 923 3150 1167 3213; x_wconf 74' lang='lat' dir='ltr'><strong>disertis</strong></span> <span class='ocrx_word' id='word_1_244' title='bbox 1201 3150 1408 3213; x_wconf 77' lang='lat' dir='ltr'><strong>verbis</strong></span> <span class='ocrx_word' id='word_1_245' title='bbox 1448 3151 1764 3231; x_wconf 81' lang='lat' dir='ltr'><strong>professus</strong></span> <span class='ocrx_word' id='word_1_246' title='bbox 1809 3166 1919 3231; x_wconf 83' lang='lat' dir='ltr'><strong>est,</strong></span> <span class='ocrx_word' id='word_1_247' title='bbox 1962 3163 2223 3217; x_wconf 74' lang='lat' dir='ltr'><strong>nemimm</strong></span> <span class='ocrx_word' id='word_1_248' title='bbox 2258 3163 2396 3221; x_wconf 72' lang='lat' dir='ltr'><strong>iuste</strong></span> <span class='ocrx_word' id='word_1_249' title='bbox 2424 3180 2584 3240; x_wconf 77' lang='lat' dir='ltr'><strong>posse</strong></span> <span class='ocrx_word' id='word_1_250' title='bbox 2608 3162 2667 3219; x_wconf 86' lang='lat' dir='ltr'><strong>in</strong></span> <span class='ocrx_word' id='word_1_251' title='bbox 2698 3174 2879 3223; x_wconf 63' lang='lat' dir='ltr'><strong>aden-</strong></span> 
     </span>
     <span class='ocr_line' id='line_1_29' title="bbox 615 3255 2902 3341; baseline 0.003 -25"><span class='ocrx_word' id='word_1_252' title='bbox 615 3278 749 3316; x_wconf 85' lang='lat' dir='ltr'><strong>num</strong></span> <span class='ocrx_word' id='word_1_253' title='bbox 787 3268 1002 3337; x_wconf 76' lang='lat' dir='ltr'><strong>tempus</strong></span> <span class='ocrx_word' id='word_1_254' title='bbox 1043 3277 1162 3317; x_wconf 74' lang='lat' dir='ltr'><strong>rem</strong></span> <span class='ocrx_word' id='word_1_255' title='bbox 1201 3255 1455 3337; x_wconf 81' lang='lat' dir='ltr'><strong>aliquam</strong></span> <span class='ocrx_word' id='word_1_256' title='bbox 1494 3260 1734 3317; x_wconf 70' lang='lat' dir='ltr'><strong>sancire.</strong></span> <span class='ocrx_word' id='word_1_257' title='bbox 1830 3258 2035 3340; x_wconf 75' lang='lat' dir='ltr'><strong>Itaque</strong></span> <span class='ocrx_word' id='word_1_258' title='bbox 2073 3267 2259 3321; x_wconf 82' lang='lat' dir='ltr'><strong>omm&#39;a</strong></span> <span class='ocrx_word' id='word_1_259' title='bbox 2284 3260 2419 3341; x_wconf 78' lang='lat' dir='ltr'><strong>fere</strong></span> <span class='ocrx_word' id='word_1_260' title='bbox 2460 3266 2593 3323; x_wconf 81' lang='lat' dir='ltr'><strong>iuris</strong></span> <span class='ocrx_word' id='word_1_261' title='bbox 2624 3259 2902 3340; x_wconf 43' lang='lat' dir='ltr'><strong>fhudalis*</strong></span> 
     </span>
     <span class='ocr_line' id='line_1_30' title="bbox 616 3348 2902 3445; baseline 0.003 -26"><span class='ocrx_word' id='word_1_262' title='bbox 616 3365 864 3420; x_wconf 67' lang='lat' dir='ltr'><strong>immuta</strong></span> <span class='ocrx_word' id='word_1_263' title='bbox 889 3373 1132 3422; x_wconf 77' lang='lat' dir='ltr'><strong>naturae</strong></span> <span class='ocrx_word' id='word_1_264' title='bbox 1159 3364 1272 3421; x_wconf 62' lang='lat' dir='ltr'><strong>nar-1·</strong></span> <span class='ocrx_word' id='word_1_265' title='bbox 1293 3348 1409 3421; x_wconf 68' lang='lat' dir='ltr'><strong>esse</strong></span> <span class='ocrx_word' id='word_1_266' title='bbox 1435 3366 1723 3435; x_wconf 73' lang='lat' dir='ltr'><strong>contraria</strong></span> <span class='ocrx_word' id='word_1_267' title='bbox 1752 3356 1995 3445; x_wconf 89' lang='lat' dir='ltr'><strong>(Oratio</strong></span> <span class='ocrx_word' id='word_1_268' title='bbox 2025 3363 2094 3422; x_wconf 90' lang='lat' dir='ltr'><strong>in</strong></span> <span class='ocrx_word' id='word_1_269' title='bbox 2120 3377 2338 3425; x_wconf 81' lang='lat' dir='ltr'><strong>senatu</strong></span> <span class='ocrx_word' id='word_1_270' title='bbox 2364 3365 2574 3427; x_wconf 86' lang='lat' dir='ltr'><strong>habita</strong></span> <span class='ocrx_word' id='word_1_271' title='bbox 2602 3366 2709 3425; x_wconf 84' lang='lat'><strong>20.</strong></span> <span class='ocrx_word' id='word_1_272' title='bbox 2726 3366 2902 3444; x_wconf 38' lang='lat' dir='ltr'><strong>Apu}</strong></span> 
     </span>
     <span class='ocr_line' id='line_1_31' title="bbox 622 3452 2902 3549; baseline 0.003 -28"><span class='ocrx_word' id='word_1_273' title='bbox 622 3461 855 3547; x_wconf 82' lang='lat'><strong>1838.).</strong></span> <span class='ocrx_word' id='word_1_274' title='bbox 963 3452 1084 3523; x_wconf 63' lang='lat' dir='ltr'><strong>Sic&#39;</strong></span> <span class='ocrx_word' id='word_1_275' title='bbox 1116 3482 1216 3525; x_wconf 86' lang='lat' dir='ltr'><strong>res</strong></span> <span class='ocrx_word' id='word_1_276' title='bbox 1260 3453 1570 3540; x_wconf 72' lang='lat' dir='ltr'><strong>feudales,</strong></span> <span class='ocrx_word' id='word_1_277' title='bbox 1628 3483 1822 3544; x_wconf 89' lang='lat' dir='ltr'><strong>quum</strong></span> <span class='ocrx_word' id='word_1_278' title='bbox 1870 3466 2105 3545; x_wconf 84' lang='lat' dir='ltr'><strong>magnis</strong></span> <span class='ocrx_word' id='word_1_279' title='bbox 2146 3466 2383 3530; x_wconf 82' lang='lat' dir='ltr'><strong>viribus</strong></span> <span class='ocrx_word' id='word_1_280' title='bbox 2427 3466 2553 3529; x_wconf 84' lang='lat' dir='ltr'><strong>suis</strong></span> <span class='ocrx_word' id='word_1_281' title='bbox 2594 3466 2902 3549; x_wconf 73' lang='lat' dir='ltr'><strong>privatae</strong></span> 
     </span>
     <span class='ocr_line' id='line_1_32' title="bbox 617 3551 2902 3654; baseline 0.007 -27"><span class='ocrx_word' id='word_1_282' title='bbox 617 3564 742 3627; x_wconf 82' lang='lat' dir='ltr'><strong>sint</strong></span> <span class='ocrx_word' id='word_1_283' title='bbox 753 3609 774 3643; x_wconf 88' lang='lat'><em>,</em></span> <span class='ocrx_word' id='word_1_284' title='bbox 812 3565 1061 3627; x_wconf 87' lang='lat' dir='ltr'><strong>iamiam</strong></span> <span class='ocrx_word' id='word_1_285' title='bbox 1099 3557 1394 3646; x_wconf 49' lang='lat' dir='ltr'><strong>iniustae*</strong></span> <span class='ocrx_word' id='word_1_286' title='bbox 1407 3567 1752 3633; x_wconf 81' lang='lat' dir='ltr'><strong>existimari</strong></span> <span class='ocrx_word' id='word_1_287' title='bbox 1792 3551 2158 3654; x_wconf 30' lang='lat' dir='ltr'><strong>coeperunt..</strong></span> <span class='ocrx_word' id='word_1_288' title='bbox 2901 3554 2902 3589; x_wconf 57' lang='lat'>³</span> 
     </span>
    </p>
   </div>
   <div class='ocr_carea' id='block_1_5' title="bbox 1417 3870 2071 3927">
    <p class='ocr_par' dir='ltr' id='par_1_5' title="bbox 1417 3870 2071 3927">
     <span class='ocr_line' id='line_1_33' title="bbox 1417 3870 2071 3927; baseline 0.006 -4"><span class='ocrx_word' id='word_1_289' title='bbox 1417 3870 1521 3925; x_wconf 73' lang='lat' dir='ltr'><strong>Im</strong></span> <span class='ocrx_word' id='word_1_290' title='bbox 1554 3874 1793 3927; x_wconf 70' lang='lat' dir='ltr'><strong>civitatis</strong></span> <span class='ocrx_word' id='word_1_291' title='bbox 1822 3874 2071 3927; x_wconf 68' lang='lat' dir='ltr'><strong>eminens.</strong></span> 
     </span>
    </p>
   </div>
   <div class='ocr_carea' id='block_1_6' title="bbox 610 3999 2881 4189">
    <p class='ocr_par' dir='ltr' id='par_1_6' title="bbox 610 3982 2902 4199">
     <span class='ocr_line' id='line_1_34' title="bbox 779 3999 2880 4085; baseline -0.001 -20"><span class='ocrx_word' id='word_1_292' title='bbox 779 3999 1013 4065; x_wconf 82' lang='lat' dir='ltr'><strong>Nostra</strong></span> <span class='ocrx_word' id='word_1_293' title='bbox 1056 4018 1307 4082; x_wconf 87' lang='lat' dir='ltr'><strong>quoque</strong></span> <span class='ocrx_word' id='word_1_294' title='bbox 1349 4010 1549 4063; x_wconf 84' lang='lat' dir='ltr'><strong>aetate</strong></span> <span class='ocrx_word' id='word_1_295' title='bbox 1588 4020 1725 4065; x_wconf 89' lang='lat' dir='ltr'><strong>rem</strong></span> <span class='ocrx_word' id='word_1_296' title='bbox 1766 4002 2037 4084; x_wconf 87' lang='lat' dir='ltr'><strong>aliquam</strong></span> <span class='ocrx_word' id='word_1_297' title='bbox 2090 4022 2347 4085; x_wconf 88' lang='lat' dir='ltr'><strong>eamque</strong></span> <span class='ocrx_word' id='word_1_298' title='bbox 2386 4000 2611 4065; x_wconf 87' lang='lat' dir='ltr'><strong>summi</strong></span> <span class='ocrx_word' id='word_1_299' title='bbox 2664 4000 2880 4066; x_wconf 73' lang='lat' dir='ltr'><strong>videre</strong></span> 
     </span>
     <span class='ocr_line' id='line_1_35' title="bbox 610 4102 2881 4189; baseline -0.001 -22"><span class='ocrx_word' id='word_1_300' title='bbox 610 4124 934 4189; x_wconf 76' lang='lat' dir='ltr'><strong>possumus</strong></span> <span class='ocrx_word' id='word_1_301' title='bbox 967 4102 1298 4180; x_wconf 77' lang='lat' dir='ltr'><strong>momenti,</strong></span> <span class='ocrx_word' id='word_1_302' title='bbox 1334 4116 1503 4185; x_wconf 69' lang='lat' dir='ltr'><strong>‘quae</strong></span> <span class='ocrx_word' id='word_1_303' title='bbox 1528 4102 1805 4167; x_wconf 86' lang='lat' dir='ltr'><strong>fortioris</strong></span> <span class='ocrx_word' id='word_1_304' title='bbox 1848 4104 1983 4165; x_wconf 86' lang='lat' dir='ltr'><strong>iure</strong></span> <span class='ocrx_word' id='word_1_305' title='bbox 2024 4106 2159 4167; x_wconf 87' lang='lat' dir='ltr'><strong>solo</strong></span> <span class='ocrx_word' id='word_1_306' title='bbox 2192 4105 2416 4167; x_wconf 87' lang='lat' dir='ltr'><strong>nititur</strong></span> <span class='ocrx_word' id='word_1_307' title='bbox 2444 4102 2881 4167; x_wconf 86' lang='lat' dir='ltr'><strong>fundamento:</strong></span> 
     </span>
    </p>
   </div>
   <div class='ocr_carea' id='block_1_7' title="bbox 659 4282 2902 4481">
    <p class='ocr_par' dir='ltr' id='par_1_7' title="bbox 659 4282 2902 4481">
     <span class='ocr_line' id='line_1_36' title="bbox 659 4282 2902 4393; baseline 0 -18"><span class='ocrx_word' id='word_1_308' title='bbox 659 4319 720 4390; x_wconf 67' lang='lat' dir='ltr'><strong>a)</strong></span> <span class='ocrx_word' id='word_1_309' title='bbox 756 4317 921 4373; x_wconf 66' lang='lat' dir='ltr'><strong>cuius</strong></span> <span class='ocrx_word' id='word_1_310' title='bbox 955 4320 1032 4375; x_wconf 69' lang='grc' dir='ltr'><strong>ηε</strong></span> <span class='ocrx_word' id='word_1_311' title='bbox 1069 4296 1366 4392; x_wconf 69' lang='lat' dir='ltr'><strong>exemplum</strong></span> <span class='ocrx_word' id='word_1_312' title='bbox 1409 4330 1489 4374; x_wconf 56' lang='grc' dir='ltr'><strong>εει</strong></span> <span class='ocrx_word' id='word_1_313' title='bbox 1532 4282 1737 4392; x_wconf 57' lang='lat' dir='ltr'><strong>insigne</strong></span> <span class='ocrx_word' id='word_1_314' title='bbox 1781 4316 2011 4391; x_wconf 64' lang='lat' dir='ltr'><strong>Aaolphi</strong></span> <span class='ocrx_word' id='word_1_315' title='bbox 2047 4316 2442 4393; x_wconf 71' lang='lat' dir='ltr'><strong>Albrechtiique</strong></span> <span class='ocrx_word' id='word_1_316' title='bbox 2489 4308 2902 4393; x_wconf 19' lang='lat' dir='ltr'><strong>imperatorum}</strong></span> 
     </span>
     <span class='ocr_line' id='line_1_37' title="bbox 755 4404 2095 4481; baseline 0 -18"><span class='ocrx_word' id='word_1_317' title='bbox 755 4420 940 4464; x_wconf 84' lang='lat' dir='ltr'><strong>contra</strong></span> <span class='ocrx_word' id='word_1_318' title='bbox 979 4409 1283 4481; x_wconf 72' lang='lat' dir='ltr'><strong>Thuringos</strong></span> <span class='ocrx_word' id='word_1_319' title='bbox 1319 4408 1508 4465; x_wconf 72' lang='lat' dir='ltr'><strong>fratres</strong></span> <span class='ocrx_word' id='word_1_320' title='bbox 1540 4408 1739 4465; x_wconf 83' lang='lat' dir='ltr'><strong>bellum</strong></span> <span class='ocrx_word' id='word_1_321' title='bbox 1756 4404 2053 4463; x_wconf 76' lang='lat' dir='ltr'><strong>nefarium.</strong></span> <span class='ocrx_word' id='word_1_322' title='bbox 2082 4428 2095 4443; x_wconf 94' lang='lat'><strong>·</strong></span> 
     </span>
    </p>
   </div>
   <div class='ocr_carea' id='block_1_8' title="bbox 2889 1199 2902 4229">
    <p class='ocr_par' dir='ltr' id='par_1_8' title="bbox 2889 1199 2902 4229">
     <span class='ocr_line' id='line_1_38' title="bbox 2889 1199 2902 4229; baseline 0 0"><span class='ocrx_word' id='word_1_323' title='bbox 2889 1199 2902 4229; x_wconf 95' lang='lat' dir='ltr'><strong> </strong></span> 
     </span>
    </p>
   </div>
  </div>
 </body>
</html>
