2902 5099
1644 355 1748 424 m.

579 527 881 602 sententia
924 531 1107 599 nullo
1149 527 1358 597 modo.
1373 526 1679 609 explicari
1716 538 1953 610 potest,
2008 525 2187 613 quasi
2226 525 2307 593 ad
2354 547 2561 596 ωοπο
2606 526 2829 656 descri-

577 630 810 749 bondo:
850 653 888 694 a
925 630 1282 714 ‘lhucydide
1325 633 1603 716 profecta
1630 627 1805 717 4).

1179 928 1521 1009 'Paetinam
1556 953 1627 1007 de
1658 951 1795 1009 ‘ure'
1810 951 2220 1010 matrona-tiae.
2280 975 2285 985 ·

746 1081 833 1142 At
875 1083 1034 1143 vero
1068 1075 1238 1144 inter
1278 1101 1491 1143 omnes
1543 1077 1887 1143 civitatium
1940 1067 2492 1143 convertendarum
2538 1073 2827 1140 factiones

579 1203 686 1244 ene
749 1193 994 1244 tantum
1049 1181 1129 1245 ad
1176 1184 1377 1264 ipsam
1431 1185 1568 1242 rem
1618 1183 1933 1264 publicam
1993 1181 2124 1245 vim
2180 1180 2529 1262 graviorem
2586 1179 2829 1258 habent,

491 1277 498 1286 ’
576 1307 736 1367 quae
788 1308 955 1351 novo
998 1288 1155 1349 iure‘
1177 1285 1343 1370 ipsas
1393 1289 1617 1356 volunt
1667 1284 1895 1352 ‘civium
1944 1287 2105 1368 vitas
2150 1281 2498 1366 gubernari.
2588 1283 2828 1346 Etenim

573 1409 780 1450 merae
821 1391 1178 1474 principum
1221 1391 1737 1474 optimatiumque
1782 1389 1859 1453 de
1900 1391 2165 1473 imperio
2209 1387 2545 1470 discordiae
2561 1432 2580 1467 ‚
2628 1386 2682 1449 si
2721 1385 2829 1447 illo

474 1540 477 1544 -
574 1494 753 1576 quasi
799 1493 1210 1558 fundamento·
1241 1507 1450 1558 carent
1466 1539 1484 1573 ,
1542 1493 1853 1558 civitatem
1892 1495 2092 1577 ipsam
2133 1495 2263 1557 fere
2304 1494 2598 1554 intactam
2618 1567 2620 1570 Α
2644 1490 2831 1551 relin-

575 1607 812 1678 quunt,
870 1597 1186 1681 quamvis,
1244 1597 1440 1661 donec
1484 1597 1805 1660 seditionis
1846 1598 2101 1659 fortuna
2142 1594 2473 1658 diiudicata
2516 1594 2629 1672 sit,
2666 1590 2831 1653 haud

574 1697 794 1778 exigue
845 1697 1038 1760 vitam
1081 1699 1326 1783 possint
1371 1702 1762 1762 conturbare.
1858 1700 2002 1761 Illas
2036 1681 2252 1760 'autem
2288 1699 2582 1760 'verax-'um
2622 1693 2833 1756 factio·

571 1822 724 1862 num
770 1798 1136 1891 discordias,
1187 1801 1368 1863 facile
1411 1803 1720 1880 intelliges
1736 1846 1755 1880 ,
1795 1801 2067 1875 Ictorum
2107 1800 2480 1880 argumentis
2518 1819 2833 1881 nunquam

569 1922 753 1985 posse
823 1905 1130 1986 componi.
1239 1905 1526 1988 Namque
1588 1903 1687 1966 his
1750 1915 1993 1966 tantum
2063 1901 2403 1981 deciditur,
2465 1921 2601 1982 res,
2662 1900 2831 1962 cuim

573 2005 856 2092 quaestio
901 2020 1026 2086 est,
1083 2020 1297 2071 utrum
1337 2007 1689 2072 valentibus
1729 2007 1967 2086 legibus
2012 2017 2415 2073 consentanea
2454 2004 2563 2083 sit,
2618 2023 2834 2064 necne.

572 2107 789 2174 Factio
835 2118 1070 2188 autem,'
1106 2131 1264 2197 quae
1309 2129 1503 2172 novas
1543 2129 1645 2171 res
1684 2108 1961 2186 molitur,
2004 2113 2155 2202 ess'e‘
2175 2109 2359 2202 leges).
2398 2106 2574 2167 facile
2615 2125 2835 2165 >conce-

574 2211 670 2274 dit
683 2255 702 2289 ,
756 2211 949 2273 iustas
1000 2231 1130 2273 esse
1145 2256 1165 2289 ‚
1219 2231 1445 2291 negare
1489 2214 1667 2273 solet.
1750 2209 2187 2292 Discrepantes
2226 2209 2415 2290 iginu-
2452 2225 2644 2292 quum
2688 2227 2835 2268 con·

574 2313 786 2376 trariis
827 2313 1122 2404 nitantur⁸
1161 2313 1567 2395 cognoscendi
1606 2314 1803 2378 initiis
1816 2359 1835 2393 ‚
1898 2327 2122 2378 neuter
2162 2317 2238 2377 ab
2281 2316 2493 2376 altero·
2512 2331 2625 2374 nec
2664 2313 2833 2374 refil-

517 2435 522 2442 ·
574 2416 699 2480 tari
738 2430 979 2498 potest,
1043 2437 1158 2480 nec
1201 2417 1505 2482 convinci.
1543 2453 1631 2466 --
1692 2414 1864 2494 Quae
1902 2439 2095 2500 quum
2134 2419 2224 2478 ita
2264 2417 2420 2493 sint,
2480 2413 2831 2497 unicuique,

573 2532 870 2605 tanquam
919 2517 1249 2583 intestinus
1289 2517 1484 2583 iudex
1538 2530 1603 2582 et
1656 2515 1756 2604 (ut
1794 2507 2055 2581 barbare
2098 2513 2345 2603 loquar)
2390 2534 2519 2578 non
2558 2517 2833 2598 appella-

575 2625 718 2689 bilis
732 2668 751 2701 ‚
807 2644 1030 2701 magna
1073 2623 1169 2685 vis
1211 2624 1379 2685 inest
1417 2624 1845 2686 conscientiae:
1902 2670 1917 2693 ,.
1945 2625 2167 2713 Atque·
2202 2622 2291 2683 ita
2334 2628 2688 2703 comparata
2748 2630 2834 2679 est

574 2724 831 2791 humani
872 2723 1116 2804 generis
1158 2738 1406 2805 natura,
1448 2740 1549 2807 ut,
1592 2750 1785 2811 quum
1822 2729 2003 2809 pauci
2042 2726 2185 2806 sint,
2227 2726 2357 2811 qui,
2396 2728 2473 2787 ab
2517 2725 2689 2787 omni
2738 2744 2836 2785 cu-

575 2828 839 2913 piditate
891 2828 1118 2891 remoti
1131 2874 1150 2908 ‚
1215 2833 1410 2920 solam
1450 2834 1767 2897 virtutem·
1801 2844 2140 2917 sequantur
2153 2876 2171 2911 ,
2224 2844 2360 2894 tum
2404 2832 2589 2893 etiam
2634 2826 2836 2909 pauci,

577 2931 707 3016 qui,
747 2931 909 2993 nihil
949 2934 1134 3013 plane
1177 2936 1432 2999 alterius
1479 2959 1657 3001 causa
1694 2940 2017 3019 facientes3
2059 2936 2183 3001 suis
2223 2950 2465 3000 tantum
2502 2934 2839 2999 commodis

577 3037 787 3100 omnia
821 3036 1177 3135 metiantur.
1261 3037 1364 3101 Sic
1399 3042 1673 3121 plurimi,
1718 3062 1912 3127 quum
1953 3042 2187 3103 ordinis
2227 3041 2323 3103 sui
2358 3038 2693 3103 defendant
2736 3041 2843 3099 be-

577 3140 796 3204 neficia
831 3154 895 3203 et
937 3137 1274 3221 commoda,
1316 3144 1640 3227 antiquum
1679 3128 1774 3208 ius
1820 3160 1882 3209 et
1920 3147 2027 3229 pia
2044 3152 2047 3155 ’
2065 3146 2385 3220 maiorum
2408 3144 2697 3205 instituta
2740 3140 2843 3203 de-

577 3246 830 3309 fendere
874 3246 994 3308 sibi
1043 3244 1370 3327 videntum
1433 3247 1695 3329 plurimi
1746 3259 1959 3310 contra
1972 3293 1991 3327 ,
2048 3246 2159 3331 qui
2198 3266 2391 3310 novas
2428 3248 2529 3309 'res
2568 3244 2845 3307 moliun-

579 3360 686 3411 tur
699 3394 718 3427 ,
774 3339 1106 3413 meliorem
1139 3366 1204 3412 se
1232 3350 1574 3414 effecturos
1624 3373 1751 3413 esse
1795 3350 2053 3413 credunt
2092 3340 2383 3413 civitatis
2404 3346 2847 3425 conditionem,

581 3450 700 3515 etsi
745 3463 1055 3512 correctae
1099 3452 1476 3532 reipublicae
1516 3454 1818 3516 fructibus
1861 3466 1925 3515 et
1964 3452 2087 3535 ipsi
2130 3450 2393 3533 gaudere
2430 3448 2692 3513 minime
2740 3448 2851 3510 de-

581 3554 935 3633 dignantur.
1017 3554 1246 3634 Magna
1288 3555 1542 3641 quidem
1582 3578 1829 3639 semper
1868 3571 1932 3619 et
1956 3542 2092 3619 fuit
2134 3578 2350 3619 eorum
2392 3569 2455 3619 et
2492 3556 2713 3617 futura
2757 3566 2853 3616 est

579 3652 916 3721 multitudo
931 3700 950 3734 ,
1023 3656 1136 3739 qui
1190 3678 1301 3720 sua
1363 3671 1609 3722 tantum
1662 3659 1981 3724 commoda
2040 3660 2321 3747 publicae
2384 3660 2595 3723 salutis
2660 3680 2854 3741 prae-

579 3759 916 3841 scriptione
953 3772 1186 3842 tegant.
1269 3758 1509 3839 Quodsi
1553 3764 1694 3849 quis
1734 3784 1815 3828 ex
1854 3763 2060 3827 intimi
2102 3762 2293 3827 animi
2330 3759 2637 3827 sententia
2679 3763 2853 3825 iuste
2897 3748 2898 3831 ?

622 4024 685 4097 4)
717 4024 904 4097 Longe
938 4023 1039 4079 alia
1073 4044 1156 4079 res
1191 4038 1293 4095 est,
1349 4028 1392 4082 si
1439 4028 1584 4102 apud
1630 4027 1888 4101 plurimos
1932 4037 1985 4082 et.
2028 4026 2348 4100 antiquitatis
2386 4037 2439 4081 et
2480 4026 2859 4081 recentiorum

719 4124 1025 4185 temporum
1071 4112 1346 4169 historicos
1381 4114 1446 4171 de
1488 4116 1605 4171 iure
1648 4117 1883 4171 fortioris
1914 4114 2203 4171 sententiae
2236 4116 2585 4188 reperiuntur.
2660 4116 2861 4188 Itaque

721 4201 868 4274 quod
913 4201 1131 4256 Tacitus
1165 4202 1305 4257 ‘dicit
1348 4203 1558 4275 (Germ.
1594 4202 1737 4275 36),
1792 4205 1935 4257 inter
1979 4203 2293 4274 impotentes
2335 4212 2393 4254 et
2439 4202 2651 4257 validos
2686 4204 2864 4274 falso
2897 4206 2898 4251 ἲ

721 4289 924 4363 quiesci
935 4322 950 4348 ,
1001 4299 1056 4343 et
1092 4288 1186 4341 uba·
1221 4308 1384 4343 manu
1419 4303 1655 4365 agatur,
1702 4291 2013 4347 modestiam
2046 4308 2113 4341 ac
2147 4288 2464 4358 probitatem
2497 4290 2723 4343 nomina
2764 4310 2864 4343 su·

712 4377 940 4449 pec-ioris
971 4397 1098 4436 esse.
1133 4378 1264 4433 nihil
1296 4380 1519 4451 videtur,
1554 4382 1654 4437 nisi
1688 4381 1863 4455 gravis
1894 4379 2154 4454 quaedam
2188 4398 2255 4435 ac
2284 4378 2542 4435 subtristis
2578 4378 2867 4435 humanae
2897 4426 2898 4439 ,

717 4466 982 4538 pravitatis
1007 4468 1286 4529 accusatio.
