2902 5099
1233 339 1328 408 113

137 513 522 597 reipublicae
564 514 764 578 forma
776 512 796 592 ᾖ
835 513 974 596 ipsa
1011 525 1220 576 tamen
1261 513 1595 577 'auctoritas
1632 526 1827 596 penes
1858 511 2211 596 superiores
2246 515 2415 578 ordi-

135 641 253 684 nes
319 631 636 680 remaneat
652 664 671 698 ,
747 639 826 680 ne
883 617 1025 702 quis
1089 638 1129 679 a
1181 617 1561 699 philosopho
1623 619 1843 680 nostro
1902 618 2155 682 inventa
2216 632 2415 700 putet,

139 723 360 786 omnia
395 724 526 785 fere
573 735 645 784 ut
684 723 1054 804 pervulgata
1107 719 1590 800 optimatium
1640 719 1981 784 artificia
2042 723 2121 784 ab
2171 722 2415 786 Aristo·

136 827 270 888 tele
311 839 698 890 enarrantur.
739 859 826 873 —-
880 820 1217 887 Interior
1259 821 1633 902 reipublicae
1676 822 2417 903 administratio,cm

138 932 620 1014 nomophylaces
646 928 734 1016 4),
795 929 1231 1012 imperatores,
1273 935 1555 988 senatum
1606 945 1745 989 cum
1796 927 2163 1010 prytanibus
2176 967 2196 1005 ,
2256 939 2422 1009 asty·

136 1053 393 1112 nomos,
433 1050 836 1113 agoranomos
847 1077 866 1111 ,
907 1050 1300 1112 agronomos,
1335 1029 1777 1112 phylarchos,
1800 1031 2147 1094 iuventutis
2192 1031 2420 1092 mulie·-

137 1156 410 1235 rumque
456 1131 840 1218 inspectores
887 1138 1116 1198 Plato
1089 1133 1491 1218 praefectos
1530 1133 1763 1212 voluit,
1812 1155 1851 1194 a
1892 1136 2025 1197 sola
2078 1135 2422 1198 Athenien-

138 1240 306 1302 sium
346 1239 593 1303 civitate
607 1283 627 1320 ,
671 1240 931 1323 quippe·
941 1247 1098 1346 quae
1139 1239 1406 1301 maxime
1448 1249 1602 1299 nota
1644 1248 1804 1300 esset
1848 1224 2243 1320 philosopho,
2284 1257 2423 1300 mu-

137 1343 294 1404 tatis
337 1345 582 1425 paucis,
625 1343 870 1428 depicta
925 1347 1094 1408 esse-
1085 1339 1384 1408 videtur.
1492 1339 1733 1419 Quibus
1797 1339 1873 1414 de
1922 1344 2119 1403 rebus
2184 1342 2424 1420 singula

137 1449 440 1532 persequi
481 1469 683 1533 neque
725 1471 968 1520 necesse
1027 1461 1172 1528 est‚·
1223 1469 1426 1532 neque
1484 1445 1615 1509 otio
1678 1445 2068 1528 permissum.
2112 1477 2197 1492 ·-
2251 1443 2426 1505 Idem

137 1552 280 1612 fere
321 1550 648 1614 dicendum
681 1555 880 1615 habeo
921 1551 998 1615 de
1039 1551 1362 1614 Platonico
1406 1552 1735 1612 Deorum
1778 1549 2019 1628 cultu,
2074 1547 2255 1610 cuius
2299 1546 2427 1609 sin·-

139 1657 292 1735 gula
327 1668 691 1738 praecepta,
725 1677 805 1718 ne
833 1657 974 1740 quis
1003 1653 1371 1734 offendatur,
1399 1655 1659 1736 Pythiae
1692 1653 1893 1716 danda
1914 1653 2225 1736 permittit
2242 1647 2318 1735 ⁵).
2338 1681 2426 1696 --

144 1758 308 1820 Item
347 1759 417 1820 in
455 1752 803 1842 praeceptis
845 1759 924 1822 de
967 1753 1206 1840 optima
1261 1756 1338 1818 iu
1349 1756 1718 1819 diciorum
1771 1755 2165 1820 institutione
2226 1749 2427 1815 omnis

143 1859 281 1924 fere
321 1863 674 1926 Atticorum
713 1885 814 1925 res
856 1861 1181 1924 iudiciaria
1195 1903 1214 1936 ,
1255 1859 1469 1938 paucis
1508 1859 1789 1939 mutatis,
1828 1859 2009 1921 facsse
2044 1868 2429 1938 agnoscetur.

143 1961 254 2026 Sic
293 1966 628 2046 unicuique
669 1961 1056 2051 magistratui
1071 2003 1090 2036 ,
1139 1961 1320 2020 Plato
1362 1959 1700 2020 arbitratur
1715 2005 1733 2036 ‚
1793 1975 2099 2024 certarum
2156 1979 2431 2043 quarun-

145 2067 295 2130 dam
335 2085 550 2128 rerum
589 2063 1077 2126 iurisdictionem
1119 2059 1565 2123 exercendam
1570 2081 1701 2123 esse
1740 2053 1868 2146 (De
1895 2065 2035 2142 legg
2035 2065 2191 2125 ..VI
2222 2086 2289 2143 p.
2306 2064 2431 2125 76⁷

144 2171 208 2234 A
210 2167 309 2255 .)
268 2213 288 2249 ,
331 2166 613 2252 quamvis
654 2167 772 2231 soli
807 2187 1026 2230 eorum
1058 2166 1322 2270 arbitrio
1361 2166 1648 2228 minores
1681 2178 1925 2231 tantum
1966 2168 2229 2228 mulctas
2268 2185 2434 2229 com-

17 2275 22 2309 ÷
142 2279 390 2353 mittat,
424 2285 675 2354 praeter
715 2287 1117 2352 agronomos‚
1147 2265 1280 2352 qui
1331 2271 1583 2351 exiguas
1624 2271 2021 2352 ⁴{privatorum
2062 2269 2209 2332 lites
2268 2267 2433 2332 deci·

150 2379 340 2442 dere
327 2390 605 2460 possunt
631 2373 708 2464 6).
793 2373 912 2463 (Ut
956 2375 1155 2438 XXX
1191 2377 1296 2438 vel
1335 2375 1491 2437 XL·
1516 2369 1668 2453 viri,
1712 2375 2029 2448 ξδικασταὶ
2092 2367 2269 2441 κατεῖ
2314 2367 2434 2459 δή·

146 2496 328 2572 μους
367 2474 804 2569 περιϊόντες).
863 2475 1178 2546 'Omnibus
1239 2475 1318 2540 ad
1372 2477 1741 2538 sententiam
1780 2471 1877 2538 in
1932 2476 2180 2539 iudiciis
2230 2477 2436 2538 feren-

151 2588 297 2651 dam
339 2586 543 2649 aditus
585 2595 794 2669 pateat
807 2629 828 2664 ‚
868 2585 1016 2668 quia
1035 2629 1054 2664 ,
1097 2584 1152 2647 si
1192 2582 1330 2667 quis
1371 2589 1420 2643 a‘
1449 2580 1765 2643 iudicandi
1816 2576 2123 2663 potestate
2178 2580 2433 2643 omnino

147 2692 510 2774 repessitur·,
553 2690 606 2753 is
648 2690 896 2755 civitate
935 2689 1074 2772 ipsa
1108 2688 1388 2770 privatus
1432 2705 1630 2767 paene
1674 2685 1925 2749 videtur
1966 2683 2091 2771 (De
2117 2686 2279 2767 legg.
2322 2685 2435 2747 VI.

150 2817 220 2877 p.
256 2798 380 2857 769
428 2780 560 2881 B.).'·
653 2794 926 2877 Ideoque
975 2791 1208 2854 iudices
1269 2790 1339 2852 in
1396 2790 1668 2870 singulas
1720 2789 1863 2851 lites
1930 2800 2097 2851 sorte
2162 2788 2435 2869 eligendi

150 2909 330 2975 stmt,
384 2894 614 2957 iudicio
671 2908 879 2959 autem
932 2894 1044 2978 qui
1096 2893 1372 2975 praesint
1385 2936 1404 2969 ,
1462 2892 1931 2970 magistratuum
1998 2890 2315 2973 principes
2364 2892 2436 2953 in

148 3021 390 3063 annum
429 3000 740 3081 integrum
783 2998 1190 3062 destinantur.
1285 2998 1734 3059 Verumtamen
1787 2994 2151 3081 priusquam
2204 3014 2307 3055 res
2354 2993 2435 3057 ad

149 3103 438 3186 publicos
482 3102 716 3166 iudices
755 3102 1098 3181 referatur,
1149 3120 1269 3182 per
1319 3098 1587 3161 arbitros
1600 3140 1628 3175 2
1664 3097 1741 3160 ab
1780 3094 1937 3177 ipsis
1978 3096 2109 3157 litis
2146 3096 2433 3176 partibus

155 3229 240 3271 ex
283 3228 395 3271 sua
434 3209 607 3271 tribu
647 3207 943 3286 delectos,
983 3225 1161 3270 resne
1205 3203 1286 3267 ad
1319 3201 1711 3266 concordiam
1752 3198 1976 3263 adduci
2007 3200 2225 3281 possit,
2265 3198 2434 3279 peri-

156 3311 370 3374 culum
408 3310 754 3376 faciendum
795 3309 982 3398 est7).
1023 3342 1109 3358 —
1149 3308 1539 3373 Hominem
1578 3307 1633 3371 si
1682 3306 1821 3391 quis
1864 3302 2263 3383 occiderit,
2302 3324 2433 3367 res-

204 3558 292 3631 4)
303 3556 448 3612 Num
481 3555 668 3610 forte
651 3574 732 3610 m·
727 3556 1024 3613 Platonicis
1057 3556 1238 3630 leg-um
1275 3555 1579 3613 custodibus
1612 3574 1905 3629 areopagus
1940 3554 2091 3622 latet,
2123 3534 2298 3627 21ualis
2318 3555 2433 3611 Eu-

306 3646 442 3702 clide
475 3644 730 3715 archonte
763 3648 1074 3705 instauratus
1109 3648 1222 3703 est?

209 3734 562 3809 5)Delegg.
596 3736 687 3790 IV.
721 3757 774 3811 p.
804 3741 926 3793 717.
960 3740 1136 3813 VLp.
1177 3720 1297 3794 759.
1343 3736 1481 3792 VIII.
1524 3759 1576 3811 p.
1608 3736 1813 3795 828A.
1845 3736 2075 3809 Derep.
2115 3734 2205 3788 IV·-
2239 3754 2291 3808 p.
2325 3736 2430 3789 427

301 3827 366 3882 Β.
417 3823 481 3879 In
516 3808 675 3881 relius
711 3821 896 3882 divinis
927 3828 1057 3883 nihil
1089 3827 1424 3902 legumlatori
1462 3826 1897 3882 commutandum
1932 3845 2075 3893 esse,
2113 3834 2311 3881 censet:
2347 3822 2432 3876 De

301 3916 439 3991 legg.
475 3918 542 3971 V.
582 3937 636 3991 p.
670 3920 777 3973 738
813 3917 875 3971 Β.

213 4005 276 4077 6)
309 4007 394 4063 De
424 4007 561 4083 legg.
596 4006 688 4061 VI'.
725 4011 908 4080 p.‘.764
939 4006 1004 4061 Β.
1063 4010 1168 4064 761
1203 4007 1266 4061 Ε.
1319 4006 1455 4060 VIII.
1488 4026 1542 4079 Ρ.
1576 4008 1681 4061 843
1714 4005 1785 4062 D.
1832 4008 1937 4061 846
1976 4000 2041 4057 Α.
2111 3998 2434 4072 Agronomis

307 4096 389 4151 vel
425 4098 710 4171 astynomis
741 4097 976 4151 minores
1009 4096 1261 4169 opificum
1281 4136 1297 4163 ‚
1333 4106 1396 4150 ut
1427 4096 1859 4168 peregrinorum,
1912 4110 2099 4149 causae
2140 4087 2435 4145 diiudican-

309 4186 411 4240 dae
443 4197 594 4240 sunt:
629 4186 715 4241 De
746 4185 886 4259 legg.
919 4185 1057 4239 VIII.
1091 4188 1204 4240 847.
1231 4184 1300 4239 A.
1345 4204 1404 4257 Ρ.
1431 4188 1539 4239 848
1570 4183 1635 4237 Ε.
1698 4190 1705 4199 ’

213 4277 288 4349 7).
310 4278 396 4332 De
427 4276 564 4349 legg.
597 4277 687 4330 VI.
721 4298 773 4350 p.
805 4280 912 4333 766
947 4276 1000 4331 D
1035 4296 1150 4349 sqq.
1237 4276 1301 4329 In
1337 4276 1544 4330 duabus
1580 4274 1745 4329 rebus
1776 4268 2003 4338 iudicia,
2051 4264 2229 4341 qualia
2272 4261 2435 4319 Athe-

309 4366 399 4419 nis
425 4366 612 4421 usitata
645 4366 870 4433 suerint,
919 4365 1202 4420 correxisse
1239 4364 1444 4419 videtur
1478 4360 1821 4437 philosophus
1834 4398 1851 4427 ,
1902 4360 2121 4417 fortasse
2172 4356 2305 4414 alius
2340 4374 2437 4409 cu-

313 4456 515 4510 iusdam
551 4457 697 4511 urbis
731 4456 1026 4529 exemplum
1061 4456 1304 4531 imitatus.
1367 4455 1638 4520 Primum,
1676 4452 1825 4527 quod
1856 4450 1989 4507 duas
2032 4466 2144 4507 esse
2195 4444 2305 4501 vult
2336 4440 2437 4496 bo-
