2902 5099
1526 359 1535 380 ¹
1565 341 1661 411 ³⁰

489 513 731 597 civitas,
783 513 840 578 si
876 495 1152 580 Platonis
1199 512 1378 579 inscii
1432 515 1611 600 quasi
1666 537 1920 582 normae
1976 532 2391 607 quaeruntur,
2458 521 2745 588 ultimum

491 621 738 686 demum
778 641 908 685 esse
949 617 1135 684 debet
1168 621 1348 686 nobis
1385 623 1716 705 refugium.

1511 811 1728 889 xvl.

879 911 1133 993 Pidonia
1167 934 1569 1026 oaoomjnoew·
1605 958 1641 992 a
1673 942 1821 994 vilae
1852 959 1955 993 m
1994 937 2360 994 abhorrentia.

665 1063 960 1126 Ceterum
1021 1065 1297 1128 Platonis
1363 1064 1807 1143 ‹le-legibus
1853 1078 1916 1128 et
1981 1064 2071 1128 de
2113 1063 2507 1146 republica
2575 1061 2755 1124 libri

494 1169 734 1258 optimo
776 1164 912 1228 iure
960 1183 1222 1248 possunt
1276 1171 1389 1232 hac
1451 1167 1869 1249 disputatione
1927 1169 2290 1250 comparari.
2392 1167 2559 1230 Nam
2627 1167 2755 1245 ipse

493 1259 900 1356 philosophus
915 1319 934 1352 ,
978 1295 1172 1356 quum
1211 1274 1653 1354 rempublicam
1709 1275 1875 1336 illam
1889 1319 1909 1352 ,
1964 1275 2234 1336 humano
2292 1292 2515 1352 genere
2576 1269 2755 1352 plane

491 1377 909 1462 superiorem,
951 1379 1116 1438 inter
1153 1377 1321 1439 Deos
1364 1377 1607 1442 tantum
1626 1380 2029 1461 Deorumque
2066 1377 2229 1440 filios
2268 1391 2548 1458 constare
2579 1365 2756 1454 pos'se

495 1479 778 1558 dixisset,
819 1477 1146 1541 secundam
1185 1492 1427 1561 tamen,
1470 1505 1630 1569 quae
1674 1483 1742 1545 in
1763 1483 2000 1562 legibus
2039 1479 2346 1561 descripta
2382 1489 2567 1555 esset,
2612 1493 2758 1556 pro-

492 1584 661 1646 xime
705 1579 786 1644 ad
826 1582 1353 1646 immortalitatem
1394 1586 1567 1666 illam
1609 1585 1927 1664 accedere,
1986 1580 2258 1645 ostendit
2309 1578 2433 1665 (De
2473 1582 2635 1658 legg.
2678 1575 2760 1638 V.

493 1707 560 1768 p.
606 1687 729 1746 739
785 1683 855 1745 C.
918 1685 1111 1746 Arist.
1173 1681 1308 1748 Pol.
1350 1687 1434 1766 H,
1494 1691 1534 1749 3
1572 1684 1724 1776 pn).
1822 1687 1903 1747 Et
1964 1685 2280 1766 profecto,
2346 1681 2631 1765 quamvis
2696 1677 2761 1739 in

489 1785 812 1866 republica
869 1783 1153 1846 subtilius
1216 1788 1458 1867 omnia,
1517 1788 1717 1851 acrius
1777 1800 1871 1866 et,
1928 1799 2000 1848 ut
2053 1771 2142 1848 ita
2200 1784 2432 1862 dicam,
2490 1785 2762 1868 φιλοσο-

492 1886 787 1971 φωτὲρως
825 1897 1085 1949 tractata
1131 1886 1502 1971 videantur,
1556 1912 1752 1952 unum
1804 1903 2012 1952 tamen
2072 1888 2325 1970 utrique
2381 1887 2547 1947 libro
2614 1875 2762 1943 sub-

491 1999 796 2051 structum
839 2001 932 2050 est
973 1989 1475 2072 fundamentum,
1517 1991 1805 2075 idemque
1846 1992 1916 2054 in
1962 1991 2199 2070 legibus
2242 1987 2437 2050 fusius
2478 1983 2669 2048 modo
2704 1994 2767 2044 et
2846 2035 2848 2122 ¹

491 2092 733 2152 minore
777 2089 1128 2166 dialecticae
1170 2094 1320 2157 artis
1361 2097 1691 2159 severitate
1736 2095 2130 2174 explicatum.
2172 2126 2258 2138 —
2330 2091 2419 2151 At
2458 2107 2614 2150 vero
2668 2100 2768 2148 to·
2846 2129 2848 2160 ἰ

493 2205 631 2253 tum
673 2211 829 2272 opus
844 2236 863 2270 ,
907 2192 1146 2254 etiamsi
1184 2189 1397 2275 paucis
1454 2192 1821 2278 quibusdam
1876 2193 2027 2253 locis
2085 2191 2389 2253 contrarie
2443 2191 2625 2253 Plato
2671 2191 2771 2249 lo·
2846 2185 2848 2250 Ῐ

497 2295 741 2378 quitur,
785 2297 1038 2358 minime
1081 2309 1378 2380 tanquam
1420 2300 1772 2380 exemplar,
1827 2295 2150 2358 hominum
2201 2315 2321 2356 usu
2373 2293 2765 2370 imitandum,

495 2399 572 2457 ab
617 2409 866 2460 auctore
907 2400 1304 2482 proponitur.
1386 2401 1659 2486 Ideoque
1702 2399 2046 2484 comparari
2086 2410 2295 2480 potest
2337 2418 2475 2458 cum
2514 2395 2760 2477 pulchri

453 2569 471 2587 s
493 2501 764 2577 hominis
834 2503 1111 2588 pictura,
1175 2525 1362 2589 quam
1419 2518 1484 2567 et
1535 2505 1734 2586 ipsam
1794 2523 1975 2568 nemo
2032 2523 2176 2565 sane
2232 2521 2305 2562 eo
2361 2499 2758 2582 vituperabit,

501 2604 674 2690 quod
703 2606 771 2666 in
806 2628 1018 2669 rerum
1057 2622 1284 2671 natura
1323 2610 1464 2671 talis
1510 2610 1697 2672 homo
1739 2629 1869 2671 non
1910 2609 1992 2671 sit
2024 2604 2425 2703 reperiendus
2448 2603 2520 2692 1).
2564 2602 2756 2664 Causa

493 2710 718 2789 igitur,
764 2727 875 2767 cur
913 2708 983 2767 in
1023 2710 1224 2771 lucem
1264 2712 1378 2773 hos
1420 2712 1615 2775 libros
1657 2711 2033 2794 prodiderit,
2079 2732 2152 2772 ea
2190 2722 2434 2772 tantum
2480 2704 2753 2789 putanda

499 2824 626 2889 est,
670 2806 841 2891 quod
881 2809 1058 2872 Plato
1101 2812 1477 2895 philosopho
1498 2820 1507 2829 “
1532 2815 1661 2895 illi,
1726 2835 1913 2897 quem
1965 2812 2033 2874 in
2084 2825 2367 2895 pectore,
2421 2822 2493 2873 ut
2534 2810 2628 2870 ita
2668 2806 2753 2867 di·

500 2934 632 2975 cam
646 2957 664 2991 ,
707 2930 912 2974 secum
953 2916 1234 2995 gerebat,
1276 2935 1488 2995 regem
1528 2937 1709 2979 suum
1736 2940 1806 2979 ac
1842 2916 2159 2979 dominum
2175 2962 2194 2996 ,
2236 2916 2584 2979 satisfacere
2635 2932 2753 2974 non

500 3019 685 3081 aliter
724 3030 998 3099 poterat,
1040 3018 1194 3098 nisi,
1236 3040 1387 3102 quas
1431 3018 1509 3083 de
1553 3022 1802 3085 civitate
1844 3022 2175 3083 sententias
2203 3022 2485 3099 haberet,
2520 3033 2752 3079 summo
2848 3008 2850 3011 ⁴

505 3122 814 3200 cogitandi
857 3122 1061 3186 studio
1106 3136 1170 3185 et
1211 3124 1610 3207 amplificatas
1668 3140 1731 3188 et
1770 3127 2031 3209 politas,
2095 3124 2337 3205 egregio
2390 3124 2501 3184 ino
2559 3121 2755 3203 philo-

503 3228 790 3306 sophicae
849 3229 999 3290 artis
1048 3226 1345 3289 miraculo
1387 3229 1885 3312 proloqueretur.
1980 3228 2045 3291 N
2048 3250 2115 3290 ec
2160 3239 2368 3289 tamen
2408 3224 2610 3286 facere
2651 3240 2754 3303 po-

502 3330 628 3390 tuit
641 3375 661 3407 ,
705 3331 858 3413 quin
903 3329 1055 3393 locis
1105 3332 1448 3411 nonnullis,
1505 3354 1662 3417 quae
1717 3332 2177 3416 philosophicae
2230 3340 2473 3390 tantum
2535 3326 2755 3389 oratio·

505 3432 603 3493 nis
648 3431 954 3495 desiderio
999 3436 1338 3517 composita
1382 3448 1560 3498 erant
1601 3433 1735 3521 (aus
1768 3439 1895 3501 dem
1947 3434 2310 3515 Bedit'rsm‘sse
2370 3433 2471 3493 des
2526 3434 2753 3514 philoso-

500 3539 760 3621 phi-when
801 3534 1203 3623 Kunsttrt’ebes)
1219 3581 1238 3615 ,
1294 3550 1593 3620 tanquam
1656 3539 1939 3617 consilia,
1994 3536 2353 3619 aequalibus
2416 3533 2544 3595 suis
2605 3530 2751 3603 data,

507 3639 838 3717 proferret.
922 3640 1009 3699 At
1051 3639 1216 3700 enim
1257 3638 1459 3719 ipsam
1498 3639 1831 3720 rationem,
1875 3660 1998 3722 qua
2031 3637 2255 3701 civitas
2298 3656 2407 3697 sua
2448 3636 2621 3695 nasci
2659 3630 2751 3692 de·

509 3742 651 3803 beat
665 3786 684 3820 ,
727 3762 860 3802 eam
905 3741 1224 3823 describit,
1287 3762 1412 3826 qua
1469 3744 1587 3805 etsi
1635 3746 1809 3806 nulla
1868 3762 2165 3827 umquam
2222 3736 2589 3819 respublica,
2628 3747 2751 3798 orta

510 3864 642 3907 esse
705 3860 913 3927 potest
926 3893 945 3927 ,
1009 3848 1222 3923 eadem
1286 3846 1495 3910 tamen
1558 3851 1765 3913 omnia
1827 3868 2191 3931 magnorum
2253 3844 2752 3928 philosophorum

417 4038 424 4045 η
509 3950 940 4031 philosophica
991 3972 1182 4033 opera
1237 3967 1382 4017 nata
1437 3956 1782 4036 accepimus
1838 3953 1961 4041 (De
2004 3976 2139 4037 rep.
2178 3953 2291 4014 VI.
2348 3972 2413 4031 p.
2460 3950 2580 4011 501
2626 3936 2750 4025 sq.)-

509 4050 716 4129 Quam
756 4055 835 4116 ob
879 4075 1014 4118 rem
1053 4054 1221 4117 haud
1262 4058 1475 4140 inepte
1520 4057 1721 4121 dicere
1761 4059 1989 4141 potuit,
2028 4054 2277 4143 quando
2314 4052 2597 4117 homines
2618 4064 2749 4113 vere

555 4274 618 4346 1)
651 4274 736 4330 De
771 4296 882 4349 rep.
917 4280 984 4332 V.
1019 4298 1070 4351 p.
1103 4282 1208 4333 472
1245 4276 1312 4331 D.
1383 4240 1558 4347 Quod=
1602 4277 1811 4351 egregie
1856 4275 2057 4330 dictum
2108 4291 2306 4345 magno
2357 4271 2613 4326 Platonis
2638 4263 2750 4320 vitio

648 4365 868 4419 vertitur
917 4387 946 4421 a
983 4368 1231 4444 Polybio:
1277 4366 1400 4423 Exc-
1446 4368 1541 4437 VI,
1575 4372 1665 4437 47,
1700 4372 1735 4423 ‘1
1770 4386 1885 4440 sqq.
1930 4394 2005 4407 --
2070 4366 2211 4437 Mitt.-
2254 4360 2543 4425 Μουσάων,
2594 4359 2747 4431 (stepen

647 4448 686 4505 ἃ
707 4449 781 4527 μή
801 4461 982 4518 rottae!
