2902 5099
1226 241 1322 312 39

62 493 65 499 ¹
145 431 379 500 strare3
421 439 614 502 quare
655 415 724 476 in
760 434 886 476 uno
923 435 1170 496 semper
1201 415 1448 496 negotio
1488 436 1605 498 per
1636 429 1831 480 totam
1857 419 2051 482 vitam
2077 421 2398 484 tractando

62 505 65 538 ἓ
145 521 592 604 unusquisque
621 539 687 582 se
729 517 1041 582 contineat
1089 538 1336 582 necesse
1391 520 1474 582 sit
1528 516 1655 606 (De
1695 541 1831 604 rep.
1871 522 1948 584 11.
1986 544 2052 604 p.
2084 525 2230 587 369.
2287 526 2400 588 IV.

138 648 208 706 Ρ.
247 628 378 688 423
413 622 545 710 1).).
629 621 812 700 Quod
860 625 964 686 vel
1005 623 1271 688 maxime
1321 622 1390 684 in
1437 643 1509 684 re
1560 624 1818 687 militari
1859 626 2232 709 philosopho
2284 647 2398 690 no*

137 740 273 790 stro
314 726 597 806 videtur,
657 747 848 810 quam
891 747 1073 790 nemo
1116 726 1314 807 possit
1356 729 1512 788 bene
1568 749 1811 808 gerere,
1876 730 1999 796 nisi
2050 731 2161 814 qui
2212 751 2393 794 omne

133 829 412 892 studium
459 829 530 892 in
578 829 696 890 hac
749 849 876 890 una
926 852 996 892 re
1057 827 1455 892 collocaverit
1479 826 1555 915 ⁵).
1634 829 1807 907 Quae
1867 853 2061 916 quum
2109 833 2201 896 ita
2252 835 2396 911 sint,

46 1019 49 1024 ἡ
133 935 278 1018 quis
334 948 460 1013 est,
515 933 629 1016 qui
675 930 952 1011 dubitet,
1013 933 1169 1016 quin
1221 935 1339 995 hoc
1377 932 1448 994 in
1489 949 1817 1016 praecepto
1867 937 2058 1000 lateat
2098 935 2397 1020 quodam-

44 1037 59 1112 Τ
131 1037 320 1100 modo
367 1039 464 1100 rei
506 1035 794 1099 militaris
837 1033 1109 1098 conditio.
1123 1080 1150 1116 ,
1199 1033 1398 1120 qualis
1439 1035 1715 1098 Platonis
1762 1048 2043 1118 tempore
2082 1038 2222 1102 fieri
2270 1039 2395 1102 iam

40 1129 47 1225 ἶ
129 1141 446 1224 coeperit:
489 1161 564 1202 ea
601 1138 910 1219 videlicet,
949 1151 1022 1201 ut
1056 1159 1183 1202 non
1221 1139 1414 1202 iidem
1451 1137 1625 1200 domi
1659 1139 1881 1218 civilia,
1920 1141 2211 1207 militaria
2242 1145 2394 1212 belli

37 1267 40 1302 !
123 1258 386 1327 agerent
400 1291 420 1324 ,
483 1265 704 1310 verum
753 1243 1082 1326 singularis
1139 1242 1394 1328 quidam
1447 1243 1969 1306 mercenariorum
2021 1246 2176 1308 ordo
2230 1267 2390 1312 unus

35 1369 39 1400 ³
85 1351 262 1413 'fere
316 1347 492 1410 arma'
536 1356 836 1428 portaret.
918 1347 1135 1430 Itaque
1195 1345 1518 1408 custodum
1572 1347 1702 1410 vita
1715 1391 1735 1424 ,
1792 1347 1993 1429 qualis
2044 1368 2082 1408 a
2130 1349 2388 1412 Platone

121 1452 528 1528 describitur,
588 1462 653 1511 et
693 1449 976 1512 domibus
1019 1463 1083 1512 et
1115 1451 1290 1530 agris
1335 1469 1581 1527 carens,
1640 1449 1696 1511 si
1738 1448 2167 1530 philosophica
2212 1452 2389 1533 quasi

119 1555 410 1618 detrahas
458 1567 836 1633 ornamenta,
875 1553 1044 1616 haud
1086 1554 1398 1617 dissimilis
1442 1555 1565 1616 erit
1608 1554 1878 1618 militum
1922 1554 2202 1616 mercede
2242 1574 2390 1618 con·

121 1657 454 1719 ductorum
509 1655 719 1717 stami.
832 1654 1080 1718 Scilicet
1123 1655 1422 1720 ‚custodes
1482 1656 1667 1721 etiam
1728 1653 1807 1718 de
1866 1657 2121 1738 publico
2180 1655 2386 1721 alendi

25 1817 36 1830 ,
118 1773 266 1824 sunt
281 1757 369 1846 β).
465 1760 741 1825 Platonis
791 1771 999 1822 autem
1045 1773 1246 1823 aetate
1289 1781 1485 1844 quum
1534 1781 1614 1822 ne
1654 1781 1877 1825 revera
1918 1759 2169 1844 quidem
2222 1761 2384 1824 cives

117 1887 158 1928 a
209 1865 508 1927 militibus
552 1865 832 1946 perfecto
871 1864 999 1924 iam
1045 1862 1396 1923 discrimine
1453 1865 1723 1944 separati
1776 1877 2030 1944 essent,.
2074 1863 2261 1928 etiam
2313 1862 2383 1924 in

116 1969 294 2032 libris
339 1969 474 2028 eius
515 1962 975 2047 quodammodo
1017 1973 1354 2044 utrumque
1396 1965 1711 2042 confundi,
1750 1987 1931 2028 nemo
1970 1967 2252 2028 miretur.
2294 1999 2379 2012 —

114 2073 217 2133 De
256 2072 622 2132 bonorum
663 2065 1208 2163 communione,
1265 2087 1454 2150 quam
1491 2067 2005 2130 introducendam
2043 2087 2173 2130 esse
2212 2068 2381 2131 inter

115 2171 402 2236 custodes
440 2171 814 2250 arbitratur,
868 2182 1122 2252 praeter
1169 2191 1241 2232 ea
1254 2216 1274 2250 ,
1337 2193 1497 2255 quae
1536 2171 1799 2255 Spartae
1840 2173 2027 2234 fuisse
2076 2174 2379 2234 Monum-

116 2295 310 2336 s'rm
331 2285 790 2350 commemorat,
817 2294 1012 2353 pauca
1029 2275 1227 2337 habeo
1254 2275 1593 2338 adiicienda
1617 2274 1741 2363 (De
1761 2299 1898 2358 rep.
1911 2277 1996 2338 V.
2017 2297 2081 2357 Ρ.
2095 2279 2224 2337 464
2237 2295 2374 2358 sqq.

112 2379 217 2440 ΠΙ.
256 2399 323 2458 Ρ.
359 2379 490 2440 416
529 2374 664 2482 0.).
770 2375 933 2438 Nam
977 2358 1238 2438 Athenis
1281 2398 1356 2439 eo
1397 2382 1624 2441 sensim
1663 2401 1762 2441 res
1802 2391 2245 2460 pervenerant,
2300 2390 2374 2439 ut

111 2479 448 2544 multitudo
463 2525 483 2560 ,
534 2500 733 2564 quum
787 2490 852 2540 et
897 2498 1016 2561 pro
1060 2479 1304 2541 iudiciis
1355 2480 1609 2561 agendis
1665 2493 1728 2543 et
1774 2501 1897 2563 pro
1948 2481 2211 2543 comitiis
2262 2481 2373 2543 ob·

109 2584 325 2648 eundis
365 2586 692 2665 pecuniam
734 2585 1072 2665 acciperet,
1119 2596 1254 2647 tota
1293 2586 1432 2648 fere
1478 2587 1724 2669 publice
1763 2596 2245 2662 sustentaretur,
2281 2582 2372 2644 fe·

105 2689 422 2751 licioribus
465 2689 732 2751 civitatis
770 2690 1158 2769 temporibus
1195 2710 1276 2749 ex
1303 2691 1613 2751 sociorum
1642 2690 1819 2773 quasi
1844 2689 2115 2765 tributis,
2153 2698 2370 2769 postea

101 2811 257 2857 vero
315 2810 396 2851 ex
449 2790 750 2854 ditiorum
805 2793 1032 2855 civium
1089 2794 1324 2873 spoliis.
1433 2791 1607 2869 Quae
1667 2792 1921 2877 quidem
1972 2790 2367 2873 optimatium

103 2892 405 2976 expilatio
465 2913 607 2955 eum
666 2892 926 2975 gradum
979 2892 1335 2958 ascenderat
1348 2939 1368 2974 ,
1428 2905 1505 2956 ut
1556 2915 1685 2957 non
1735 2895 1829 2959 ita
1874 2916 2135 2972 magnus
2186 2912 2364 2957 error

104 3009 299 3075 esset,
362 2993 416 3057 si
467 2996 607 3079 quis
620 3041 640 3077 ,
695 2994 954 3061 ditiores
999 3000 1309 3060 bonorum
1359 3015 1613 3058 suorum
1664 3016 1795 3067 non
1832 2995 2113 3059 dominos
2155 2996 2361 3073 fuisse,

101 3099 214 3165 sed
253 3093 568 3163 curatores
581 3147 602 3181 ,
668 3100 923 3165 diceret.
1019 3103 1244 3185 Neque
1287 3100 1565 3164 dubitem
1578 3146 1598 3180 ,
1656 3102 1812 3185 quin
1845 3122 1965 3183 par
2000 3101 2105 3164 vel
2142 3100 2358 3163 similis
2388 3120 2401 3129 “

99 3218 268 3268 certe
307 3207 500 3285 fuerit
539 3206 606 3268 in
644 3206 865 3270 ceteris
907 3207 1185 3295 urbibus,
1242 3227 1280 3268 a
1321 3206 1504 3287 plebe
1545 3206 1917 3287 gubernatis,
1966 3203 2357 3287 optimatium

97 3309 391 3373 conditio.
495 3336 522 3351 ··

629 3528 654 3548 ⁵
682 3532 978 3587 Mulierum
1009 3538 1416 3591 Platonicus-um
1454 3538 1760 3611 disciplina.

257 3648 335 3740 ιιι
375 3643 579 3709 varias
621 3665 990 3728 magnasque
1033 3646 1154 3707 iam
1213 3646 1492 3728 ipsorum
1532 3645 1806 3710 Platonis
1850 3638 2201 3731 aequalium
2250 3666 2349 3709 re·
2412 3641 2425 3654 ’

89 3750 530 3834 prehensiones
591 3747 855 3809 incurrit
925 3749 1157 3812 famosa
1212 3753 1331 3815 ista
1386 3772 1703 3815 uxorum
1777 3750 2345 3850 liberorumque

136 3911 198 3983 5)
232 3912 316 3966 De
352 3933 463 3987 rep.
499 3914 562 3968 Π.
597 3934 649 3987 Ρ.
667 3918 772 3970 374
795 3934 910 3989 sqq.
980 3916 1096 3971 Hoc
1127 3916 1246 3973 loco
1284 3918 1669 3973 observandum
1705 3928 1798 3986 est,
1833 3900 2021 3991 operas
2053 3916 2145 3971 tali
2179 3916 2343 3991 modo

231 4001 532 4059 dividendas
566 4005 730 4058 videri
767 4016 820 4059 et
852 4005 1168 4074 infantibus,
1214 4019 1275 4063 ut
1307 4009 1380 4063 ita
1415 4008 1616 4076 dicam,
1658 4006 2053 4081 rebuspublieis,
2102 4018 2155 4061 et
2186 4026 2342 4060 sene·

227 4090 505 4146 scentibus.
573 4093 620 4145 F
622 4085 830 4151 lorente
863 4094 1064 4149 civitate
1103 4096 1358 4151 eiusmodi
1391 4096 1573 4151 divisio
1608 4097 1785 4150 minus
1814 4094 1947 4150 solet
1975 4094 2271 4147 desiderari.

131 4175 193 4248 6)
226 4177 312 4230 De
357 4196 468 4250 rep.
503 4179 588 4233 111.
633 4202 684 4255 p.
717 4186 826 4237 416
863 4182 932 4236 D.
985 4182 1120 4237 vm.
1163 4206 1220 4259 p.
1253 4190 1358 4243 543
1395 4185 1457 4241 G.
1546 4186 1815 4240 Custodes.
1848 4202 1971 4237 suos
2015 4182 2170 4237 facile
2213 4201 2337 4237 cum

153 4302 162 4311 ι
225 4268 567 4323 mercenariis
601 4272 899 4343 comparari
935 4292 1112 4345 posse,
1169 4275 1272 4329 iam
1321 4278 1386 4331 ab
1431 4277 1549 4350 ipso
1594 4274 1815 4329 Platone
1862 4274 2190 4327 observatum
2233 4282 2335 4326 est:

222 4356 307 4411 De
341 4378 450 4431 rep.
486 4358 575 4411 1V.
611 4380 660 4431 p.
697 4365 804 4439 421}
843 4362 906 4416 A.
