2902 5099
561 2111 568 2114 ’
644 2123 946 2206 gesserint
1002 2117 1126 2205 (De
1169 2121 1332 2198 legg.
1371 2117 1513 2179 VII.
1552 2138 1617 2195 p.
1662 2117 1807 2176 800.
1851 2117 1928 2176 A.
1990 2099 2167 2177 VIII.
2197 2139 2261 2199 p.
2303 2121 2448 2179 829.
2492 2117 2613 2204 (1.).
2732 2123 2881 2186 Immo

1751 399 1845 467 34

667 577 942 640 Platonis
983 567 1238 660 quidem
1279 588 1563 656 tempore
1576 617 1596 651 ,
1639 569 1753 655 qui
1793 590 2091 658 summam
2135 569 2383 653 imperii
2424 573 2739 650 tenebant,
2785 575 2880 637 sive

666 682 841 762 plebs
879 691 1014 742 erat
1055 699 1164 755 seu
1201 677 1390 739 factio
1434 697 1546 738 seu
1586 661 1905 758 tyrannus,
1945 673 2137 748 nullis
2178 674 2328 752 fere,
2368 673 2492 736 nisi
2531 675 2798 759 ipsorum
2826 678 2880 737 li·

667 783 928 870 sentiae,
955 777 1192 860 legibus
1221 777 1772 866 obtemperabant:
1811 787 1997 859 atque
2027 771 2181 837 adeo
2209 774 2539 839 imminuta
2568 791 2701 840 erat
2726 778 2881 860 prisea

663 887 868 964 legum
904 873 1459 963 institutorumque
1486 865 1724 958 'religio
1740 887 1777 958 ‚¹
1810 889 1885 941 ut
1924 887 2198 941 'summus
2236 879 2407 941 illius
2449 883 2749 964 temporis
2784 881 2882 962 phi·

662 987 990 1067 Iosephus,
1033 984 1288 1047 etiamsi
1314 987 1483 1046 bono
1526 968 1767 1060 animo,
1811 1003 2024 1046 earum
2069 995 2415 1047 contemtor
2454 975 2795 1048 exsisteret.
2826 1017 2881 1030 ·-

525 1093 550 1114 ‘
657 1089 824 1152 Nota
859 1101 954 1152 est
993 1087 1352 1176 gravissima
1392 1088 1521 1164 illa,
1564 1097 1750 1165 qu'am
1792 1085 1972 1148 Plato
2016 1075 2419 1165 commendat,
2460 1077 2787 1169 poetarum
2820 1107 2882 1147 ce-

656 1199 1058 1277 terorumque
1099 1191 1404 1254 artificum
1450 1206 1800 1265 censura,
1856 1208 2047 1269 quam
2085 1209 2287 1273 neque
2329 1190 2678 1286 Homerus,
2728 1209 2879 1272 neque

654 1295 905 1379 tragici,
969 1317 1172 1380 neque
1215 1291 1664 1389 Aristophanes
1680 1333 1699 1368 ,
1762 1289 1819 1350 si
1856 1287 2219 1388 incidissent
2264 1291 2332 1352 in
2372 1280 2657 1358 Platonis
2696 1312 2879 1363 manus,

654 1403 812 1465 sfflvi
869 1397 1225 1480 effugissent
1247 1393 1326 1481 2).
1425 1391 1529 1456 Ad
1586 1382 1961 1455 conficienda
2018 1381 2291 1456 carmina
2340 1396 2591 1476 melica,
2660 1413 2875 1480 quorum

649 1506 863 1592 quales
906 1519 1036 1565 esse
1081 1499 1346 1564 debeant
1390 1499 1735 1562 sententiae
1751 1543 1769 1577 ,
1812 1507 2109 1596 ‘accurate
2150 1487 2643 1578 praescribatur,
2692 1505 2876 1580 poetas,

647 1609 758 1672 ubi
799 1605 1102 1689 placuerit
1141 1603 1621 1684 magistratibus,
1664 1601 1731 1666 vi
1774 1601 2042 1684 quadam
2084 1603 2542 1683 compellendos
2585 1624 2744 1681 esse,
2785 1621 2875 1661 cen·
2890 1609 2892 1622 ³

650 1725 744 1775 set
779 1708 903 1796 (De
937 1710 1096 1787 legg.
1131 1707 1207 1768 Π.
1249 1730 1315 1786 p.
1358 1709 1507 1768 659.
1541 1705 1614 1766 E.
1656 1702 1845 1800 sqq..)
1927 1705 2131 1769 Nemo
2174 1709 2342 1791 apud
2381 1707 2714 1774 Platonem
2746 1715 2892 1792 prae-¹

645 1825 744 1876 ter
785 1809 1032 1894 publica
1076 1820 1139 1868 et
1179 1827 1348 1868 sacra
1394 1791 1667 1867 carmina
1707 1827 1925 1870 versus
1966 1827 2186 1870 canere
2233 1809 2476 1890 audeat,
2519 1832 2690 1878 neve
2730 1809 2877 1875 omni·

643 1921 758 1981 bus
799 1915 984 1976 liceat
1023 1917 1313 1994 poemata
1357 1928 1749 1993 componere,
1793 1908 1951 1972 sed*
1931 1907 2019 2004 ris
2044 1921 2308 1993 tantum,
2350 1913 2460 1997 qui
2502 1909 2567 1977 e't
2609 1918 2879 1999 quinqua·

643 2021 813 2102 ginta
853 2035 1046 2080 annos
1085 2015 1212 2076 iam
1255 2013 1652 2091 confecerint,
1698 2023 1762 2073 et
1796 2030 2047 2106 magnas
2083 2027 2267 2078 antea
2304 2033 2405 2079 res
2444 2019 2879 2100 praeclarasque

643 2246 796 2291 vero
836 2226 906 2286 in
944 2221 1208 2304 publicis
1252 2219 1477 2284 scholis
1518 2217 1678 2280 libri
1708 2217 1869 2279 nulli
1908 2215 2207 2282 videntur
2240 2218 2505 2300 legendi,
2543 2221 2676 2283 nisi
2718 2224 2881 2284 Plato-

637 2328 734 2393 nis
789 2341 982 2446 opera
1034 2336 1100 2387 et
1149 2321 1483 2406 poetarum
1532 2341 1593 2382 3
1618 2321 1911 2382 Platone
1938 2305 2399 2402 profectorum3
2460 2339 2655 2405 quam
2722 2325 2877 2404 legem

635 2453 715 2495 ne
751 2429 892 2514 quis
933 2423 1328 2490 transcendat
1341 2469 1360 2503 ,
1404 2441 1619 2486 omnes
1661 2421 2005 2486 iuventutis
2048 2435 2483 2516 praeceptores
2526 2419 2877 2487 sacramento

637 2536 815 2621 quasi
858 2554 933 2596 eo
978 2526 1265 2611 adigendi
1307 2537 1485 2605 sunt,
1526 2535 1600 2587 ut
1640 2523 1801 2586 nihil
1844 2509 2139 2604 doceant,
2184 2527 2307 2590 nisi
2347 2527 2695 2592 Platonicis
2745 2527 2875 2591 libris

636 2647 1111 2700 consentaneum
1143 2629 1219 2715 ⁵).
1327 2626 1539 2712 (Haud
1596 2626 1893 2688 dissimile
1952 2628 2235 2709 profecto
2290 2629 2461 2693 illius
2520 2629 2890 2725 sacramenti,

634 2758 760 2825 quo
817 2736 1019 2798 nostri
1081 2732 1427 2797 sacerdotes
1485 2731 1567 2794 ad
1625 2730 1822 2794 libros
1883 2733 2252 2815 symbolicos
2308 2735 2431 2797 rite
2487 2704 2891 2853 observandosi

632 2834 1150 2924 obstringuntur.)
1254 2838 1423 2898 Talis
1486 2834 1865 2915 scriptorum
1929 2838 2197 2901 servitus
2251 2838 2323 2901 in
2378 2860 2766 2927 quacunque
2814 2859 2890 2905 re·

630 2943 895 3026 publica,
941 2965 1136 3029 quum
1177 2944 1349 3005 senio
1391 2942 1679 3003 laborare
1722 2940 1846 3001 iam
1886 2941 2141 3029 incepit,
2191 2944 2533 3007 necessaria
2578 2957 2653 3007 et
2698 2957 2805 3022 est,
2838 2910 2890 3019 et}

629 3048 913 3112 videtur.
979 3037 1245 3130 ideoque
1263 3092 1280 3123 ‚
1339 3044 1458 3106 etsi
1504 3044 1714 3106 variae
1768 3055 1911 3105 sunt
1963 3044 2077 3105 hac
2118 3046 2188 3107 in
2240 3066 2311 3107 re
2364 3059 2429 3108 et
2478 3048 2801 3111 libertatis
2840 3054 2879 3101 et

628 3152 870 3217 servitii
911 3152 1164 3229 formae,
1207 3150 1294 3218 111
1324 3145 1613 3209 omnibus
1656 3148 1866 3207 tamen
1908 3147 2096 3210 rebus
2135 3148 2401 3229 publicis
2443 3151 2891 3235 senescentibus*

627 3256 943 3339 reperitur
973 3253 1110 3341 4).
1152 3254 1294 3335 Ipsa
1339 3269 1593 3337 quoque
1634 3250 1979 3317 iuventutis
2026 3249 2309 3315 educatio
2352 3252 2566 3317 eadem
2615 3256 2882 3318 inexora-

648 3421 802 3429 ....,..--
829 3419 988 3427 --—·-—-—-

673 3503 736 3575 2)
771 3472 856 3557 De
887 3503 1124 3557 Homero
1150 3502 1324 3559 videas
1357 3505 1424 3561 de
1460 3526 1572 3580 rep.
1608 3507 1671 3563 Π.
1706 3528 1759 3582 Ρ.
1795 3510 1899 3563 377
1931 3528 2053 3591 sqq.
2078 3508 2141 3569 Χ.
2178 3528 2229 3612 p.
2256 3512 2379 3565 595.
2404 3508 2464 3565 C·
2532 3510 2629 3567 De
2669 3506 2877 3583 tragicis-

766 3590 1206 3670 Rep.11.p.379.
1241 3593 1402 3667 Legg.
1425 3596 1539 3650 VII.
1566 3618 1617 3671 p.
1643 3602 1764 3653 817.
1784 3596 1846 3651 Β.
1916 3597 2002 3651 De
2022 3598 2261 3653 comicis:
2291 3599 2449 3679 Legg.
2477 3598 2565 3675 XI.
2598 3604 2659 3675 p.
2688 3602 2807 3655 935.
2820 3595 2881 3657 D

766 3681 859 3734 ubi
897 3612 1050 3734 facilpe
1088 3682 1323 3754 quisquis
1355 3685 1666 3741 recentioris
1704 3686 2061 3742 comoediae
2043 3689 2257 3742 iamiam
2284 3689 2836 3791 ‘appropinquantis
2818 3705 2879 3737 ve-

645 3824 655 3831 ,
765 3770 913 3842 stigia
960 3784 1223 3842 agnoscet.
1303 3764 1505 3834 Etiam
1528 3773 1683 3847 lyrici
1728 3786 1943 3849 poetae,
1998 3778 2235 3851 quamvis
2280 3778 2345 3839 iis
2388 3777 2465 3858 sit:
2499 3776 2881 3859 aliquantulum

765 3857 934 3929 magis
967 3857 1225 3931 propitius
1247 3858 1416 3929 Plato,
1455 3864 1765 3925 censoribus
1782 3866 2093 3941 conigendi
2124 3878 2248 3924 sunt
2277 3867 2385 3940 (De
2410 3867 2547 3943 legg.
2566 3864 2695 3929 vll.
2722 3889 2777 3941 Ρ.
2764 3866 2880 3922 .801

767 3944 882 4014 C.);
919 3942 1047 3997 item
1082 3946 1270 3999 veteris
1303 3949 1537 4005 musicae
1570 3963 1811 4007 auctores
1844 3952 1997 4023 (Ibid.
2030 3974 2085 4029 p.
2119 3952 2283 4025 802..)

667 4048 727 4120 3)
763 4050 846 4102 De
885 4048 1022 4123 legg.
1059 4050 1174 4105 VII
1213 4072 1264 4124 p.
1299 4056 1420 4109 811.
1454 4056 1523 4111 D.
1605 4057 1777 4114 Immo
1814 4080 1941 4113 vero
1976 4076 2047 4113 ne
2082 4059 2283 4115 civibus
2320 4057 2537 4131 quidem
2570 4070 2888 4143 potestatem

757 4137 888 4193 facit
931 4138 1084 4196 aliter
1129 4140 1197 4197 de
1241 4144 1400 4203 rebus
1443 4145 1629 4209 ethicis
1672 4150 1971 4217 iudicandi,
2025 4161 2184 4223 atque
2223 4148 2282 4205 in
2314 4169 2410 4205 sua
2442 4149 2615 4221 ipsius
2654 4146 2888 4207 doctrina

757 4226 1100 4283 consumtum
1146 4241 1246 4287 est:
1293 4233 1382 4290 De
1424 4233 1563 4313 legg.
1609 4237 1675 4299 Π.
1720 4259 1777 4312 p.
1808 4242 1927 4298 662.
1962 4238 2022 4298 Β.
2111 4238 2293 4309 Quam
2343 4238 2548 4316 legem.
2568 4236 2888 4313 gravissimis

756 4315 943 4390 poenis
975 4318 1088 4373 vult
1117 4322 1430 4379 sustentari.
2004 4366 2010 4373 -

659 4420 722 4492 4)
755 4421 894 4479 Satis
925 4422 1152 4482 historia
1169 4428 1354 4502 docet,
1408 4445 1463 4489 et
1495 4432 1790 4493 libertatem
1824 4444 2066 4496 constare
2098 4434 2331 4513 pontisne
2368 4450 2494 4494 cum
2528 4433 2851 4509 praeventi
2852 4450 2888 4497 ³?

719 4580 724 4585 ι
756 4524 816 4567 ut
849 4516 1010 4571 verbo
1045 4529 1180 4588 utar,
1217 4534 1269 4577 et
1305 4526 1605 4589 servitutem
1642 4549 1765 4586 cum
1798 4531 2083 4605 repressiva
2115 4529 2373 4587 librorum
2396 4544 2663 4583 censuit-a.
2746 4522 2888 4581 cete-2
