2902 5099
1624 321 1725 390 θ’
2830 392 2832 450 ι

461 489 470 500 ’
527 496 793 560 lioribus
833 491 1266 558 tantummodo
1307 494 1555 575 placere
1596 494 1953 559 Menonem.
2050 493 2189 576 Ipse
2229 493 2547 594 Platonica
2586 515 2775 558 recor-

531 601 781 664 datione
825 595 1254 678 explicandam
1293 617 1434 672 rem
1485 613 1617 662 esse
1670 607 1875 660 censet
1890 618 1925 660 ι.
1970 597 2285 659 Platonice
2327 597 2615 682 quidem,
2670 598 2775 676 sed,

401 767 414 780 .
529 725 612 766 an
653 722 802 766 vere
815 745 836 780 ,
877 700 1104 762 nescio.
1131 733 1217 744 —
1267 697 1513 762 Notum
1554 712 1649 763 est
1686 698 1951 782 denique
1966 744 1984 777 ‚
2028 699 2104 762 de
2146 704 2433 765 omnibus
2472 706 2667 780 rebus
2698 723 2778 764 so-

423 1745 433 1756 “
525 1738 715 1798 etiam
757 1735 1084 1812 dicendum
1113 1749 1250 1814 est,
1308 1739 1615 1816 sophistas
1632 1780 1650 1813 ,
1703 1739 1986 1815 quamvis
2028 1739 2367 1798 sententiae
2412 1760 2633 1802 eorum
2672 1757 2779 1799 non

529 804 768 887 phistas
811 801 917 888 ‘in
985 799 1392 886 utramque
1466 794 1760 886 partem
1838 801 2229 884 disputare
2301 803 2520 869 solitos
2594 805 2777 866 fuisse.
2832 824 2834 934 ⁴

529 906 741 984 Quare
792 900 1248 966 observandum
1291 897 1386 966 est
1399 950 1418 984 ‚
1485 903 1609 968 duo
1652 909 1906 969 omnino
1948 901 2268 969 hominum
2311 925 2542 988 genera
2586 909 2660 972 de
2698 931 2777 970 ea·
2832 941 2834 992 g

521 1009 673 1076 dem
707 1031 776 1071 re
821 1005 1186 1070 contrarias·
1204 1005 1399 1089 posse'
1426 1012 1759 1073 sententias
1796 1011 2112 1092 profiteri:
2157 1011 2580 1093 sophistarum
2615 1032 2776 1093 genus
2832 997 2834 1030 ⁵

532 1126 598 1176 et
638 1111 1097 1175 historicorum.
1183 1094 1270 1175 A't·
1309 1125 1463 1204 'vero
1506 1107 1736 1174 diversi
1772 1115 2051 1176 homines
2090 1115 2142 1177 si
2178 1117 2409 1184 faciunt
2438 1115 2633 1200 idem,
2673 1135 2776 1177 non

531 1230 627 1293 est
669 1215 855 1278 idem.
937 1215 1110 1277 Dmn
1150 1215 1286 1277 istis
1330 1215 1502 1276 nulla
1552 1227 1645 1276 est
1688 1217 1809 1278 alia
1852 1231 2065 1296 causa,
2110 1219 2232 1280 nisi
2274 1217 2505 1302 quod
2485 1220 2611 1302 ipsi
2653 1241 2777 1281 neu·
2835 1256 2836 1320 3

528 1335 694 1383 tram
738 1321 1130 1382 sententiam
1151 1303 1298 1418 satis
1339 1320 1714 1398 perscrutati
1754 1333 1931 1422 sunt,
1980 1321 2261 1390 historici
2302 1336 2649 1406 utramque
2674 1343 2779 1382 me-
2834 1321 2836 1390 1

527 1427 652 1490 lius
696 1435 1132 1508 cognoverunt
1132 1467 1151 1502 ‚
1180 1413 1382 1506 quam
1426 1434 1519 1500 u't,
1562 1425 1759 1487 altera
1798 1425 2133 1502 obcaecati,
2174 1427 2501 1489 relativam
2544 1424 2776 1488 alterius
2834 1419 2836 1468 Ὺ

526 1529 860 1595 veritatem
889 1525 1008 1614 (dis
1040 1531 1264 1590 relative
1291 1523 1581 1608 Gffltigkc'it
1610 1533 1715 1594 der
1740 1529 1979 1617 andern)
2013 1532 2321 1616 negligere
2351 1534 2594 1613 possint
2624 1530 2691 1617 ¹).
2709 1563 2777 1576 -·

522 1635 896 1717 Priusquam
951 1645 1158 1693 autem
1217 1631 1296 1694 ad
1352 1631 1542 1693 finem
1601 1633 2036 1714 disputationis
2095 1649 2341 1696 nostrae
2396 1649 2779 1708 transeamuS,

522 1841 712 1920 plane
769 1852 971 1901 essent
1027 1838 1297 1903 veritate
1340 1838 1624 1918 privatae
1666 1835 1995 1914 historica,
2052 1849 2273 1899 tamen
2307 1839 2419 1900 ubi
2459 1841 2782 1920 singulas
2836 1895 2838 1900 .

521 1951 863 2002 tractarent
927 1939 1304 2002 historiae
1368 1958 1525 2017 res,
1598 1937 1669 1998 in
1732 1937 2124 2016 gravissimos
2189 1959 2427 2002 errores
2488 1943 2785 2006 incidisse.
2836 1917 2838 1936 Ι

521 2045 618 2108 Ita
658 2045 918 2126 puerilis
958 2063 1156 2126 paene
1204 2053 1269 2103 et
1318 2064 1480 2106 vana
1525 2052 1618 2102 est
1666 2041 2041 2126 Brotagorae
2097 2039 2173 2102 de
2226 2043 2592 2123 sophisticae
2647 2045 2785 2106 artis

521 2147 884 2231 primordiis
947 2144 1398 2225 argumentatio
1464 2139 1663 2226 (Prot.
1723 2164 1788 2221 p.
1832 2141 2028 2238 316.).
2126 2145 2219 2204 Ita
2274 2165 2431 2226 quae
2494 2145 2666 2207 idem
2726 2147 2785 2208 de
2838 2118 2840 2252 1

524 2265 690 2314 statu
704 2297 722 2330 ,
751 2251 878 2333 qui
917 2262 1204 2325 vocatur,
1239 2246 1569 2308 hominum
1613 2245 1883 2306 naturali
1926 2244 2133 2324 docet,
2175 2259 2418 2310 tantum
2454 2251 2679 2311 absunt
2723 2251 2781 2310 ab
2838 2255 2840 2278 ¹

523 2352 736 2416 indole
781 2351 1091 2429 historica,
1136 2362 1212 2412 ut
1258 2342 1398 2410 cum
1438 2347 1895 2411 immanissimis
1939 2347 2015 2411 de
2050 2348 2273 2412 'eadem
2313 2373 2384 2413 re
2425 2353 2779 2414 nostratium

525 2453 926 2538 opinionibus
971 2451 1382 2534 comparanda
1423 2451 1773 2514 videantur.
1814 2457 1821 2462 '
1872 2451 2202 2514 Rationem
2232 2455 2390 2516 'vult
2442 2455 2775 2518 hominibus

432 2620 441 2637 ,
510 2577 601 2625 ,eo
643 2558 898 2620 consilio
944 2556 1150 2618 datam
1197 2576 1346 2633 esse,
1387 2568 1461 2616 ut
1502 2567 1716 2615 contra
1750 2555 1975 2616 bestias
2022 2576 2087 2617 se
2126 2554 2557 2640 defenderent3
2601 2560 2774 2621 idem·
2841 2551 2842 2631 l

523 2682 650 2744 que
712 2661 1014 2723 iustitiam
1076 2672 1141 2719 et
1195 2648 1503 2755 pudorem
1557 2658 1757 2717 multo
1811 2670 2027 2737 postea
2090 2660 2286 2722 credit
2345 2685 2383 2725 a
2444 2664 2593 2727 Iove
2647 2681 2771 2744 Ριο·
2840 2634 2842 2701 ⁴

525 2766 718 2835 fecta,
775 2765 922 2845 quia
965 2764 1130 2823 ratio
1176 2748 1309 2823 sola
1359 2756 1638 2821 nondum
1688 2761 2000 2828 suffecerit
2028 2761 2081 2851 1)
2132 2762 2333 2850 (Prot.
2374 2790 2441 2850 p.
2486 2770 2615 2832 320
2656 2788 2769 2851 sqq.

525 2864 624 2927 cf.
667 2860 744 2925 de
787 2885 924 2946 rep.
963 2864 1040 2926 Π.
1081 2886 1148 2946 Ρ.
1191 2866 1316 2927 358
1359 2862 1411 2924 E
1455 2860 1729 2951 sqq..)⁵)

573 3143 637 3215 1)
673 3140 758 3197 Cf.
793 3162 910 3217 cap.
945 3146 1030 3198 14.
2738 3195 2751 3207 ,

572 3243 637 3315 2)
671 3242 924 3298 Similiter
959 3240 1061 3296 alia
1097 3238 1358 3314 quaedam
1393 3237 1628 3293 eiusdem
1670 3234 1853 3293 aetatis
1898 3236 2085 3309 opinio
2125 3236 2460 3311 sophisticam
2494 3238 2765 3295 doctrinam

665 3330 898 3397 redolet,
961 3349 1065 3403 qua
1111 3329 1352 3401 linguam
1386 3326 1644 3400 putabant
1688 3325 1768 3379 vel
1816 3346 1847 3379 a
1892 3324 2009 3381 Diis
2055 3312 2293 3393 doctam,
2349 3327 2428 3379 vel
2474 3347 2506 3381 a
2556 3326 2765 3385 barbaris

669 3419 918 3473 traditam
951 3440 1088 3473 esse:
1135 3414 1279 3471 Crat.
1315 3437 1366 3489 Ρ.
1401 3420 1526 3470 425.
1560 3444 1634 3457 --
1686 3412 1933 3469 Ceterum
1970 3415 2035 3468 de
2081 3415 2307 3473 naturali
2344 3416 2623 3472 hominum
2654 3426 2764 3471 statu

669 3506 863 3560 similes
908 3520 1023 3563 tum
1060 3507 1219 3581 longe
1256 3508 1467 3581 lateque
1504 3505 1864 3562 disseminatae
1898 3505 2143 3559 videntur
2175 3506 2479 3579 opiniones,
2528 3509 2675 3563 cuius
2704 3502 2765 3555 rei

670 3595 811 3650 testis
863 3610 937 3651 est
981 3597 1286 3669 Euripides.
1341 3584 1531 3669 Suppl.
1578 3600 1683 3651 2⁰3
1720 3616 1833 3669 sqq.
1904 3586 2136 3669 Cyclops
2170 3596 2375 3668 passim.
2460 3596 2605 3651 Num
2650 3596 2763 3648 forte

669 3681 997 3738 Pherecratis
1032 3682 1240 3751 fabula,
1275 3682 1492 3753 ’Λγριοι
1524 3681 1802 3755 inscripta,
1838 3680 1945 3735 huc
1978 3683 2256 3737 referenda
2292 3682 2405 3739 est?

573 3778 640 3858 3)
673 3777 846 3833 Etiam
879 3777 1161 3853 Euripides
1192 3780 1549 3853 semisophista
1598 3780 1731 3835 adeo
1773 3800 1885 3835 ιιοιι
1928 3781 2101 3854 potuit
2133 3802 2187 3836 se
2222 3783 2279 3837 in
2315 3781 2541 3837 aliorum
2576 3792 2762 3851 tempo-

669 3884 794 3919 rum
835 3868 982 3940 quasi
1015 3880 1221 3923 mentes
1251 3868 1543 3936 insinuare,
1579 3880 1641 3923 ut
1672 3868 1729 3921 in
1764 3869 2046 3941 tragoediis
2078 3870 2183 3922 suis
2214 3870 2346 3923 nihil
2380 3871 2517 3938 fere,
2552 3869 2648 3925 nisi
2679 3866 2761 3919 ho-

669 3958 841 4013 mines
871 3958 1048 4013 aetatis
1081 3977 1205 4013 suae
1241 3958 1565 4031 depingeret.
1634 3958 1845 4031 Itaque,
1880 3971 1943 4014 ιιι
1974 3959 2268 4033 exemplum
2304 3960 2545 4028 afferam,
2578 3960 2761 4031 Hippo-

585 4108 609 4124 ν
670 4045 842 4117 lytum
877 4046 1122 4100 describit
1155 4045 1601 4111 adolescentulum
1638 4046 1842 4118 pietatis
1875 4047 2247 4115 simulatorem,
2286 4048 2467 4129 quales
2500 4068 2597 4105 suo
2620 4042 2758 4119 ipS¹¹¹⁸

610 4117 624 4135 ⁸
671 4144 909 4207 tempore
941 4134 1189 4209 permulti
1225 4135 1467 4189 exstitisse
1501 4135 1767 4191 videntur:
1804 4138 2083 4193 Wucun
2118 4140 2267 4196 Mus.
2296 4138 2403 4195 Rh.
2430 4136 2472 4206 I,
2500 4141 2551 4193 4.
2586 4157 2637 4211 p.
2658 4131 2757 4188 584·
