2902 5099
1185 297 1276 367 3⁷

68 469 326 533 otium
379 468 618 554 otiique
655 467 872 552 studia
923 459 1360 554 confugientes.
1441 469 1645 538 Simul
1682 473 2039 558 philosophi
2076 477 2338 544 otiosam

1 626 3 629 ,
66 575 281 638 vitam
318 585 382 637 et
419 571 758 664 feliciorem
799 597 928 639 esse
941 621 962 656 ,
1005 591 1070 642 et
1109 561 1450 661 sapientem
1488 581 1683 662 magis
1724 581 1941 645 decere
1954 629 1973 662 ,
1986 604 2339 664 ,argumen-

63 676 154 738 tis
204 677 474 741 docent.-
535 680 636 742 Sic
673 681 852 743 Plato
866 726 886 760 ,
941 681 1091 744 licet
1129 683 1200 744 in
1243 682 1479 762 optima
1519 705 1630 747 sua
1673 685 1921 749 civitate
1960 687 2336 767 philosopho

62 791 326 842 censeat
339 827 359 859 ‚
406 783 626 846 relicta
667 784 800 848 vita
851 785 1132 866 privata,
1181 786 1430 866 publica
1466 805 1723 850 munera
1762 809 1892 853 esse
1932 787 2335 870 suscipienda,

59 884 578 966 philosophicum
633 899 844 949 tamen
899 889 1098 950 otium
1147 889 1330 967 longe
1379 889 1617 952 beatius
1672 891 1983 956 existimat
2034 892 2141 955 vel
2192 891 2335 956 talis

58 989 454 1070 reipublicae
501 992 948 1070 gubernatione
973 989 1050 1076 ⁵).
1149 989 1356 1068 Quare
1413 992 1491 1052 ab
1536 991 1616 1054 iis
1630 1037 1651 1070 ,
1708 1015 1865 1076 quae
1910 1015 2073 1058 nunc
2112 1015 2334 1062 revera

59 1105 218 1154 sunt
233 1137 252 1169 ‚
308 1093 762 1174 rebuspublicis
801 1115 1040 1156 summo
1082 1093 1288 1178 studio
1329 1093 1739 1176 philosophos
1774 1110 2023 1160 revocat
2036 1141 2056 1176 ,
2094 1097 2331 1180 quippe

57 1196 182 1278 qui
228 1194 314 1284 ad*
351 1196 731 1258 Platonicam
775 1197 948 1258 illam
986 1199 1142 1258 bene
1186 1197 1650 1277 gubernandam
1698 1221 2071 1280 praeparare
2114 1221 2179 1262 se
2222 1199 2331 1262 de·-

55 1296 296 1376 beant3
351 1300 633 1377 vulgares
663 1299 852 1362 ·em'm
900 1302 1280 1382 respublicas
1331 1323 1491 1384 quae
1540 1324 1578 1364 a
1620 1303 1997 1384 philosopho
2036 1317 2331 1383 regantm-

55 1401 224 1464 adeo
265 1401 548 1482 indignas
589 1422 746 1481 esse,
788 1415 891 1482 ut,
929 1407 1107 1467 nullo
1145 1403 1334 1468 modo
1377 1427 1575 1490 quum
1612 1405 1841 1486 corrigi
1880 1408 2148 1488 possint,
2188 1407 2331 1488 phi-

53 1504 317 1585 losophi
359 1505 626 1568 debeant
677 1505 952 1587 quietem
991 1528 1173 1587 agere
1218 1520 1282 1570 et
1330 1528 1442 1572 sua
1480 1519 1725 1580 tanum
1764 1529 1981 1576 curare
2026 1507 2153 1596 (De
2190 1530 2329 1592 rep·

53 1607 178 1668 lx.
220 1629 288 1690 p.
333 1610 454 1672 591
482 1605 573 1709 p·
627 1608 741 1673 VI.
779 1629 848 1693 p.
887 1611 1018 1676 496
1060 1608 1133 1674 G.
1173 1609 1304 1676 497
1337 1607 1465 1698 B.)-

661 1969 668 1976 ·
733 1936 1014 1988 Platonici
1048 1946 1156 1989 tres
1190 1941 1384 1990 civim
1418 1935 1651 1992 ordines.

233 2059 366 2121 Iam
425 2055 505 2120 ad
565 2067 693 2121 tres
757 2058 944 2124 venio
1005 2059 1575 2124 Platonicorum
1644 2058 1918 2124 civium
1986 2057 2320 2135 ordines,

47 2151 606 2251 χρηματιστικὸν,
641 2153 1088 2246 ἐπικουρικὸν,
1125 2154 1561 2248 βουλευτικόν
1587 2160 1664 2250 1).
1750 2160 2035 2238 Quorum
2072 2160 2321 2222 infimus

50 2262 222 2324 ordo
272 2276 486 2324 utrum
526 2282 607 2322 ex
647 2264 842 2324 servis
886 2263 1233 2325 constiterit
1271 2266 1401 2328 sive
1445 2267 1657 2346 glebae
1704 2264 2028 2347 adscriptis
2042 2311 2062 2345 ,
2106 2266 2323 2348 quales

45 2363 686 2428 Lacedaemoniorum
725 2365 988 2426 Helotae
1001 2410 1021 2444 ,
1075 2365 1508 2427 Thessalorum
1554 2369 1850 2430 Penestae
1864 2413 1883 2446 ‚
1941 2369 2203 2452 μνῶται
2256 2377 2321 2428 et

47 2469 183 2536 κλα
193 2467 392 2553 ρῶται
422 2465 810 2528 Cretensium
839 2478 1034 2545 erant,
1067 2487 1148 2528 an
1185 2487 1266 2528 ex
1297 2467 1531 2546 liberis,
1567 2469 2039 2549 peregrinorum
2076 2469 2318 2530 ratione

52 2571 408 2632 constitutis
421 2614 440 2647 ‚
481 2569 594 2633 vix
620 2582 834 2651 aperte
861 2570 1255 2651 intelligitur.
1337 2572 1412 2633 In
1445 2573 1685 2652 legibus
1721 2583 1887 2633 certe
1924 2582 1989 2631 et
2026 2589 2320 2655 agrorum

52 2674 292 2734 cultum
329 2674 526 2736 servis
563 2673 922 2737 mandatum
961 2674 1306 2756 accepimus
1319 2718 1338 2751 ‚
1377 2693 1501 2757 pro
1542 2675 1767 2758 quibus
1809 2673 2037 2756 stipem
2078 2676 2318 2737 confer-

50 2789 201 2840 rent
253 2775 333 2838 ad
375 2776 772 2840 sustentanda
827 2779 1112 2843 convivia
1161 2778 1409 2860 publica
1421 2823 1442 2857 ,
1507 2790 1571 2839 et
1626 2776 1883 2841 civibus*
1914 2774 2315 2840 interdictum
2405 2802 2413 2812 ‘

54 2900 192 2942 esse
261 2900 626 2963 quacunque
692 2893 826 2943 arte
880 2882 1085 2943 minus
1140 2880 1386 2942 liberali
1417 2878 1498 2967 2).
1613 2879 1699 2940 Et
1751 2878 1821 2939 in
1870 2878 2009 2958 ipsa
2058 2878 2313 2943 Graecia

55 2983 408 3047 civitatibus
446 2983 616 3046 haud
651 2986 918 3047 multum
953 2984 1271 3063 intererat,
1312 2996 1528 3047 utrum
1569 3004 1783 3047 servus
1824 2982 1964 3067 quis
2008 2993 2186 3060 esset,
2232 3004 2313 3045 an

53 3086 434 3170 peregrinus,
477 3086 764 3169 quaestui
805 3106 1058 3169 operam
1096 3108 1348 3151 navans.
1426 3086 1797 3167 Peregrinis,
1838 3086 1893 3147 si
1926 3085 2311 3149 Athenarum

55 3194 272 3253 urbem
311 3188 699 3270 respicimus,
739 3210 940 3273 neque
980 3202 1158 3269 agros
1197 3188 1545 3274 possidere,
1585 3210 1699 3252 nec
1736 3188 1869 3251 sine
1907 3198 2177 3267 patrono
2214 3188 2337 3251 *vi-¹

55 3314 202 3355 vere
241 3294 496 3371 licebat3
553 3308 802 3375 praeter
840 3296 1024 3357 solita
1065 3294 1346 3376 ipsorum
1390 3295 1712 3373 vectigalia
1750 3310 1849 3355 ne·
1883 3292 2308 3355 extraordina-

57 3397 166 3458 riis
207 3394 458 3481 quidem'
493 3397 721 3460 civiu‘m
757 3400 1007 3463 tributis
1040 3400 1310 3480 liberati,
1353 3399 1789 3487 contumeliose
1830 3418 2090 3482 pompas
2125 3416 2307 3478 agere

102 3610 164 3683 3)
195 3612 277 3666 De
309 3632 418 3685 rep.
454 3612 569 3667 VII.
605 3634 657 3685 Ρ.
693 3614 797 3667 519
833 3609 894 3665 C.
928 3632 1042 3685 sqq.
1115 3607 1266 3679 Quin
1317 3608 1473 3663 etiam
1520 3608 1565 3663 si
1599 3629 1704 3683 qua
1740 3608 1919 3665 civitas
1950 3628 1981 3664 a
2016 3608 2139 3663 solis
2172 3617 2303 3663 essct

117 3754 122 3759 .
193 3698 336 3757 iustis
378 3699 693 3769 inhabitata,
746 3700 804 3754 in
840 3719 900 3753 ea
938 3720 1062 3753 sane
1105 3692 1396 3753 certaretur
1429 3698 1495 3751 de
1536 3699 1761 3772 imperio
1796 3718 1910 3755 non
1948 3697 2301 3771 suscipiendo,

194 3812 302 3845 non
337 3803 399 3845 ut
432 3812 582 3847 nunc
616 3792 682 3845 de
717 3788 1070 3862 suscipiendo:
1106 3788 1190 3841 De
1225 3806 1336 3859 rep.
1373 3786 1412 3839 Ι.
1448 3808 1501 3859 p.
1538 3790 1641 3843 347
1676 3788 1745 3843 D.

101 3865 163 3949 1)
195 3878 277 3931 De
315 3880 576 3952 agricolis,
613 3880 886 3953 opificibus
923 3889 1038 3933 oett.
1072 3899 1116 3932 v.
1151 3876 1234 3931 De
1263 3896 1375 3948 rep.
1402 3874 1467 3928 11.
1501 3896 1553 3949 p.
1572 3879 1675 3931 37⁰
1698 3896 1813 3951 sqq.
1881 3875 1967 3933 De
2002 3871 2303 3929 custodibus

193 3966 320 4020 Ibid.
343 3989 394 4040 p.
413 3974 518 4025 324
534 3990 648 4045 sqq.
718 3970 803 4025 De
833 3969 1218 4041 magistratibus
1237 3966 1522 4023 nonnulla:
1558 3966 1642 4021 Dc
1665 3987 1775 4040 rep.
1796 3966 1885 4020 111.
1906 3987 1958 4038 Ρ.
1975 3968 2079 4019 412
2098 3982 2213 4034 sqq.
2228 3990 2301 4001 —-

193 4052 440 4109 Ceterum
476 4057 750 4111 custodum
785 4056 1080 4111 nominatio
1113 4056 1344 4110 Larissae
1393 4073 1609 4129 quoque
1651 4055 1807 4109 nobis
1848 4052 2075 4110 offermr
2108 4050 2303 4121 (Πολι-

193 4140 522 4217 τοφύλακες)ε
557 4148 768 4203 Aristot.
795 4146 1018 4215 Pol...v‚
1054 4150 1107 4214 5,
1125 4151 1190 4204 ’5.
1225 4146 1386 4201 Schn.
1470 4170 1475 4183 ·

103 4231 164 4303 2)
198 4233 449 4308 Deniegg.
485 4238 550 4290 V.
583 4257 638 4310 Ρ.
658 4240 762 4293 741
787 4236 848 4289 E.
894 4235 982 4289 XI.
1017 4254 1070 4307 p.
1094 4237 1199 4292 918
1233 4256 1346 4309 sqq.
1393 4234 1509 4289 VII.
1544 4256 1599 4307 p.
1623 4236 1727 4289 806
1754 4230 1819 4285 Ε.
1866 4228 2005 4283 VIII.
2038 4248 2090 4301 Ρ.
2118 4230 2222 4283 846
2244 4226 2297 4279 D

194 4319 398 4379 Civium
432 4345 503 4380 nc
534 4326 690 4381 servis
727 4326 940 4399 quidem
981 4324 1195 4399 opificia
1223 4345 1467 4387 ,exercerc
1502 4325 1676 4391 licuit,
1726 4322 1851 4395 quia
1884 4320 1968 4375 vel
2000 4336 2146 4373 mera
2181 4316 2298 4387 opi-

193 4416 320 4485 ficis
352 4416 606 4488 inspectio
641 4433 680 4470 a
707 4414 994 4472 maioribus
1027 4414 1217 4471 liberos
1248 4415 1547 4473 muneribus
1580 4414 1811 4480 nimt'um⁶
1830 4409 2103 4473 detineret.
