2902 5099
99 624 225 704 Qui
279 643 476 708 quum
529 617 972 688 recentioribus
1033 621 1416 704 temporibus
1474 623 1645 688 inter
1696 643 1911 691 omnes
1964 627 2349 713 antiquitatis

96 729 432 810 scriptores
487 749 526 791 a
575 726 862 811 plurimis
919 729 1308 807 legerentur,
1363 729 1528 792 mala
1584 731 2002 814 sophistarum
2064 733 2225 798 fama
2278 737 2347 802 in

39 881 44 886 .
95 845 376 896 nostram
427 845 690 895 aetatem
739 831 1052 894 translata
1092 841 1207 892 est.
1303 829 1577 913 Primus,
1610 815 1705 896 ¹ni
1758 835 1977 915 fallor,
2030 839 2348 904 Wntmtm

93 947 336 1014 noster,
377 935 488 1018 qui
521 935 754 996 multos
795 945 861 995 ot
899 934 1072 996 viros
1115 941 1181 994 et
1217 932 1541 1014 mulieres,
1576 947 1857 1000 veterum
1890 931 2133 1004 invidia
2170 953 2349 1006 nota-

94 1049 196 1100 tos
209 1084 228 1118 ,
281 1039 351 1102 in
389 1041 702 1118 integrum
739 1034 1072 1098 restituere
1111 1047 1364 1098 conatus
1405 1048 1531 1118 est,
1584 1049 1647 1100 et
1686 1043 2099 1123 sophistarum
2136 1043 2351 1112 defen·

93 1142 333 1204 sionem
365 1140 657 1221 suscepit,
695 1157 853 1222 quos
889 1133 1278 1202 Wielnndios
1317 1138 1495 1221 quasi
1534 1153 1775 1204 veteres
1812 1144 2000 1208 fuisse
2044 1137 2351 1214 credebat.
2402 1183 2417 1204 ·

91 1228 332 1306 Eodem
373 1245 506 1306 fere
555 1253 833 1324 tempore
883 1249 948 1302 et
989 1241 1418 1306 Bau-mrum
1458 1251 1523 1304 et
1562 1243 1849 1306 Mamas
1863 1290 1882 1324 ,
1941 1267 2135 1331 quum
2176 1273 2351 1314 acm..

89 1347 312 1423 ratius,
355 1361 541 1430 quam
573 1344 910 1406 anteriores
941 1341 1067 1406 viri
1101 1341 1288 1424 docti,
1331 1345 1745 1427 sophistarum
1779 1349 2102 1414 historiam
2124 1365 2352 1416 tracta-

90 1461 274 1534 rent,
323 1449 511 1513 iidem
559 1450 776 1532 paullo
803 1448 1028 1512 minus
1069 1469 1350 1515 severam
1388 1451 1755 1515 sententiam
1796 1450 1874 1516 de
1916 1453 1995 1517 iis
2036 1453 2351 1522 dixerunt.

1157 1641 1263 1720 11.

541 1771 924 1844 Sophia-rums
956 1767 1111 1845 apul
1144 1770 1402 1844 aequales
1432 1786 1561 1826 snos
1590 1773 1905 1826 auctoritas:
1986 1747 2019 1800 ’-

253 1897 412 1964 Tale
456 1919 650 1982 quum
689 1897 773 1960 sit
813 1883 1188 1979 scriptorum
1229 1893 1306 1958 de
1339 1896 1678 1960 maioribus
1714 1894 2005 1978 sophistis
2038 1895 2352 1982 iudicium,

82 1999 410 2090 videamus
451 2001 604 2095 iam,
649 2001 946 2088 qualem
989 1999 1195 2058 inter
1235 1998 1442 2076 ipsos
1488 1999 1845 2080 aequales
1889 2016 2057 2061 suos
2105 2017 2350 2066 aucto-

48 2108 402 2169 ritatem
442 2097 866 2166 habuerint.
959 2099 1051 2162 Ac
1090 2098 1364 2182 primum
1407 2097 1663 2184 quidem
1700 2097 2045 2162 floruerunt
2086 2107 2353 2168 maxime

79 2206 352 2272 Athenis
365 2251 384 2285 ,
439 2207 596 2270 urbe
651 2203 845 2269 totius
897 2201 1187 2266 Graeciae
1241 2200 1310 2264 in
1361 2201 1598 2264 artibus
1649 2202 1971 2288 literisque
2023 2203 2223 2268 facile
2253 2204 2354 2269 re-

80 2313 255 2394 gina,
307 2308 457 2373 dum
500 2285 814 2371 civitatem
839 2307 1126 2386 Pericles,
1167 2303 1354 2390 quem
1387 2307 1553 2369 haud
1588 2309 1797 2390 inepte
1829 2307 2061 2374 dixeris
2088 2296 2356 2396 Ὀλύρὲ

78 2435 261 2480 πων
276 2459 301 2492 ,
361 2410 616 2494 eiusque
646 2408 956 2491 ,proximi
1017 2429 1392 2472 successores
1454 2413 1984 2478 administrabant.
2087 2415 2161 2480 In
2220 2427 2353 2480 arte

79 2514 390 2578 statuaria
441 2511 862 2595 principatum
916 2509 1238 2595 obtinebat
1263 2497 1539 2574 'Phidias
1592 2533 1727 2573 cum
1768 2507 2131 2595 Alcmene,
2190 2520 2357 2599 Ago.

79 2619 319 2681 racrito
365 2614 680 2697 discipulis
725 2628 786 2675 et
819 2614 1120 2696 Myrone:
1169 2613 1471 2693 gravioris
1514 2614 1683 2677 illius
1726 2628 1789 2677 et
1830 2617 2158 2680 severioris
2201 2620 2357 2683 Gra-

79 2722 216 2783 tiae
231 2765 252 2800 ,
314 2740 474 2803 quae
521 2718 603 2783 in
658 2718 942 2779 omnibus
1001 2716 1294 2777 omnium.
1334 2720 1717 2803 populorum
1772 2720 2009 2792 artibus
2073 2732 2357 2807 tempore

80 2822 302 2940 prior,
355 2845 470 2885 nec
527 2822 653 2883 scio
711 2844 792 2883 an
843 2822 1040 2903 gloria
1094 2824 1513 2903 praestantior
1555 2844 1683 2887 esse
1736 2826 1937 2911 solet,
1973 2814 2121 2889 ⁴sine
2164 2827 2379 2911 dubio,

80 2924 428 3007 principes.
525 2922 881 3003 Sophoclis,
940 2924 1326 2999 comicorum
1343 2926 1729 3007 summique
1760 2924 2193 3012 Aristophanis
2242 2952 2357 2993 no-

79 3030 262 3091 mina
299 3040 540 3089 tantum
581 3026 853 3090 afferam.
936 3027 1158 3110 Neque
1197 3046 1350 3089 vero
1393 3028 1651 3109 reliqua
1678 3026 1963 3108 Graecia,
2004 3034 2123 3093 etsi
2138 3042 2151 3072 ‘
2161 3034 2357 3095 Athe·

83 3132 192 3191 nis
232 3131 526 3209 inferior,
583 3131 732 3192 tali
745 3130 943 3211 capite
997 3143 1133 3193 erat
1181 3130 1453 3211 indigna.
1496 3166 1581 3179 --
1642 3130 1757 3193 His
1812 3134 2203 3213 temporibus
2254 3155 2355 3197 so·

77 3234 329 3314 phiatas
383 3220 704 3295 omnibus
726 3254 925 3315 paene
979 3233 1316 3295 rhetoricis
1365 3218 1847 3293 adolescentium
1904 3232 2122 3294 studiis
2174 3255 2355 3314 prae·

77 3341 288 3401 sectos
329 3337 571 3413 fuisse,
607 3356 688 3397 ex
740 3336 1032 3398 Platone
1056 3330 1201 3425 satis
1257 3336 1515 3396 constat.
1612 3336 1812 3395 Tanta
1840 3335 2062 3421 igitur
2089 3354 2193 3397 eos
2236 3337 2355 3397 cir-

79 3438 421 3503 cumdabat
461 3437 812 3502 auditorum
851 3459 1096 3529 corona,
1133 3454 1208 3501 ut
1247 3440 1615 3521 Protagoras
1657 3426 1817 3499 unus
1857 3440 2069 3527 plures
2113 3441 2356 3522 sapien-

77 3548 180 3609 tia
223 3565 335 3605 sua
377 3562 528 3623 opes
572 3526 926 3621 cumularet,
949 3564 1158 3626 quam
1184 3542 1436 3607 Phidias
1484 3540 1815 3623 decemque
1858 3542 1967 3605 alii
2007 3555 2353 3608 statuarum

75 3647 360 3713 artifices
389 3643 462 3732 1).
549 3642 674 3721 Qui
713 3647 960 3725 publice
1003 3646 1080 3711 de
1121 3644 1569 3729 philosophicis
1608 3646 1797 3707 rebus
1839 3646 2173 3709 sententias
2212 3669 2353 3711 suas

73 3748 376 3832 proferre
419 3750 833 3826 conabantur,
889 3768 1098 3812 omnes
1141 3751 1274 3815 fere
1314 3752 1418 3813 vel
1460 3748 1771 3829 sophistae
1824 3760 2003 3811 erant
2046 3750 2171 3830 ipsi
2183 3746 2204 3829 ⁹,
2250 3750 2356 3813 vel

75 3852 514 3935 sophistarum
549 3863 946 3913 assectatores
991 3848 1112 3934 (De
1139 3864 1276 3933 rep.
1303 3852 1381 3913 Π.
1415 3872 1483 3932 Ρ.
1512 3854 1639 3913 358
1661 3849 1749 3913 C.
1758 3836 1888 3913 TV.
1916 3870 1981 3943 Ρ.
2012 3854 2138 3913 492
2166 3849 2355 3939 sqq.).

75 3952 328 4023 Divitis
375 3953 605 4049 Calliae
648 3954 900 4018 domum
914 4001 933 4034 ,
973 3955 1312 4037 Hipponici
1349 3952 1467 4016 filii
1480 4000 1499 4035 ,
1546 3952 1658 4037 qui
1690 3953 1957 4015 maxime
1998 3955 2354 4041 propinqua

77 4062 454 4127 coniunctus
512 4071 645 4121 erat
702 4080 842 4121 cmn
894 4057 1131 4121 Pericle
1196 4071 1259 4121 et
1313 4049 1634 4121 Alcibiade
1703 4054 2003 4129 affinitate
2016 4101 2036 4137 ‚
2109 4079 2355 4140 semper

71 4168 398 4247 repletam
437 4144 718 4228 audimus
761 4144 1180 4245 sophistarum
1221 4159 1689 4229 certaminibus·
1672 4203 1691 4241 ,
1757 4180 2027 4244 quorum
2074 4160 2193 4223 etsi
2236 4160 2355 4223 mi·

127 4386 202 4455 1)
237 4384 402 4441 Meno
450 4407 502 4459 p.
538 4382 740 4465 91'D.;
799 4386 868 4439 cf.
913 4360 1132 4458 Hippias
1153 4382 1354 4439 -Maior
1395 4404 1450 4457 p.
1485 4384 1607 4437 281.
1692 4378 1769 4433 Εἰ
1810 4376 2110 4449 Protagora
2160 4386 2371 4431 notum-

233 4485 338 4541 est,
393 4486 593 4549 quanta
636 4472 1016 4547 discipulorum
1063 4470 1375 4539 multitudo,
1431 4490 1493 4525 ex
1539 4468 1785 4549 omnibus
1826 4464 2088 4519 Graeciae
2134 4464 2354 4519 urbibus

235 4574 557 4636 congregata
571 4602 586 4631 ,
621 4562 682 4619 in
715 4562 1000 4619 itineribus·
1023 4562 1372 4634 Protagoram
1409 4558 1655 4619 comitata
1690 4555 1779 4610 sit:
1817 4569 1869 4627 p.
1906 4557 2009 4611 315
2044 4554 2111 4609 A.

1711 4658 1743 4715 1
1763 4652 1797 4690 ιιι
