2902 5099
1195 353 1280 424 ⁵1

88 539 384 590 nostrum
411 525 1378 607 umbraticorum-rempublicam
1404 525 1495 592 ita
1524 527 1923 594 constitutam
1950 527 2367 599 desiderabit?

84 629 514 696 'Verissimum
583 629 780 710 igitur
814 628 1240 710 ‘Amohyleum
1298 627 1489 693 illudg
1543 627 1847 698 ’,ἄλλον
1909 627 2107 719 ἄλλῃ
2172 630 2376 718 πρὸςι

1 730 4 735 ’
79 731 328 799 πόλει
369 733 887 816 τεταγμένον.
917 765 1004 782 -—
1045 727 1340 813 Idemque
1394 732 1580 792 aliter
1618 733 1731 814 qui
1771 733 1911 796 fieri
1954 735 2367 817 possin-equi-

81 831 242 894 dem
283 853 410 896 non
447 833 754 912 intelligo.
837 832 998 898 Sunt
1041 833 1298 916 quidem
1341 833 1647 912 civitates,
1702 857 1860 918 quae
1906 855 2037 901 non
2072 837 2365 919 ipsarum,

77 940 200 1001 vel
241 930 452 1016 regum
487 955 747 1000 suorum
789 938 1212 1014 gubernentur
1265 936 1587 998 voluntate
1602 981 1621 1014 ,
1684 936 1807 1010 sed,
1848 939 2093 1000 externi
2148 941 2369 1020 populi

79 1039 414 1102 dominatu
456 1051 809 1098 teneantur.
895 1036 1062 1114 Quas
1104 1039 1158 1100 si
1201 1036 1473 1120 excipias
1488 1083 1507 1116 ,
1564 1051 1773 1100 tamen
1827 1061 1907 1102 ne
1949 1043 2060 1103 has
2116 1041 2368 1123 quidem

79 1143 277 1204 credo
295 1190 312 1219 ‚
354 1143 477 1204 nisi
518 1143 656 1224 ipsa
699 1161 916 1202 eorum
954 1143 1156 1205 virtus
1193 1154 1377 1202 antea
1414 1142 1543 1202 iam
1584 1143 1950 1205 labefactata
1987 1145 2096 1223 sit,
2137 1166 2175 1204 a
2208 1145 2367 1217 Deo,

76 1246 368 1306 omnium
411 1267 623 1308 rerum
668 1248 1073 1326 gubernatore
1086 1292 1106 1325 ,
1150 1247 1469 1310 servitutis
1511 1247 1659 1326 iugo
1701 1247 2001 1308 subiectas
2046 1269 2195 1310 esse.
2250 1246 2365 1309 Ce-

75 1359 259 1409 teros
303 1359 510 1424 autem
551 1349 816 1428 populos
829 1393 848 1426 ,
913 1347 1178 1410 necdum
1222 1349 1497 1408 externis
1542 1346 1899 1410 obedientes
1913 1394 1932 1427 ,
1984 1348 2095 1430 qui
2134 1350 2366 1412 invitos

78 1462 444 1512 constanter
482 1451 812 1530 gubernari
850 1462 1034 1530 putat
1089 1447 1463 1532 educarique
1512 1453 1616 1514 vel
1656 1473 1877 1532 regum
1931 1451 2185 1512 suo‘rum
2198 1498 2218 1528 ,
2264 1455 2367 1514 vel

71 1553 563 1630 legumlatorum
607 1553 867 1614 arbitrio
884 1598 902 1632 ,
942 1553 1047 1614 vel
1099 1553 1491 1615 sacerdotum
1515 1557 2035 1616 monachorumve
2072 1555 2365 1632 artificiis,

75 1656 372 1735 quamvis
411 1647 566 1717 haec
603 1657 686 1718 sit
724 1657 938 1738 opinio
973 1657 1240 1718 maxime
1281 1660 1647 1738 pervulgata
1660 1702 1679 1737 ,
1720 1669 1929 1719 tamen
1970 1658 2101 1718 eius
2142 1681 2367 1741 μακα-

74 1760 396 1843 ρίσαρντες
437 1755 514 1827 τό
565 1753 1008 1850 α’περρὸκακον
1059 1755 1146 1828 οὐ
1181 1763 1518 1846 ζηλοῦμεν
1548 1755 1626 1828 τὸ
1658 1757 1907 1854 ‹ippor-
1990 1759 2185 1820 Mirus
2214 1777 2367 1838 pro-

72 1862 278 1939 fecto,
321 1864 432 1944 qui
476 1864 625 1924 talia
665 1863 926 1940 iudicat,
971 1879 1035 1924 et
1076 1865 1153 1924 de
1196 1867 1520 1924 hominum
1562 1865 1883 1944 libertate,
1940 1863 2227 1924 omnibus
2268 1862 2367 1942 ip-

71 1976 256 2042 nata,
296 1977 360 2026 et
401 1965 479 2026 de
521 1963 918 2042 providentia
960 1964 1084 2022 Dei
1125 1964 1465 2024 sententias
1506 1966 1731 2024 habeat
1767 1985 2010 2025 necesse
2052 1977 2147 2027 est
2170 1961 2248 2047 2).
2278 1997 2364 2010 —--

68 2067 344 2145 Semper
385 2065 636 2148 quidem
650 2109 670 2144 ,
716 2085 874 2148 quae
919 2079 1012 2127 est
1052 2066 1308 2127 humani
1347 2068 1588 2147 generis
1630 2078 1881 2143 natura,
1924 2068 2223 2147 conqueri
2268 2086 2369 2128 so-

65 2171 217 2230 lent
251 2169 531 2229 homines
548 2214 565 2247 ,
607 2189 924 2251 nunquam
967 2165 1318 2230 conditione
1363 2147 1474 2230 sua
1516 2170 1703 2248 plane
1753 2168 2058 2244 contenti,
2116 2187 2273 2250 quos
2313 2174 2367 2232 si

73 2271 348 2332 Croesos
404 2269 782 2350 reddideris,
832 2270 1064 2331 Midias
1125 2293 1189 2332 se
1249 2293 1419 2350 esse,
1486 2272 1538 2332 si
1600 2271 1903 2332 Helenam
1956 2271 2033 2332 iis
2105 2269 2367 2347 dederis,

68 2377 396 2437 Venerem
459 2394 720 2434 uxorem
784 2371 1239 2435 desiderabunt.
1355 2376 1667 2450 Attamen,
1723 2375 1937 2464 paucis
1998 2374 2366 2458 quibusdam

74 2478 359 2558 exceptis
374 2523 392 2556 ‚
457 2496 670 2538 omnes
723 2477 794 2538 ea
853 2479 1056 2538 solum
1114 2478 1491 2558 reipublicae
1548 2476 2067 2551 administrandae
2122 2479 2365 2547 ratione

71 2595 350 2662 possunt
379 2582 656 2645 contenti
695 2582 908 2645 vivere
918 2626 937 2659 ,
977 2603 1120 2663 qua
1173 2582 1308 2641 nati
1349 2594 1497 2643 sunt
1513 2578 1597 2666 ⁵);
1664 2578 1925 2658 donee,.
1918 2582 2365 2649 .subnasoenti-

71 2685 409 2762 busaliis,
453 2704 646 2767 quum
695 2685 764 2745 in
829 2684 1088 2747 dubium
1143 2686 1436 2769 vocetur,
1503 2697 1793 2765 patr-esne
1846 2686 2067 2775 melius
2134 2684 2213 2747 de
2265 2704 2365 2745 re-

67 2789 328 2867 publica
370 2788 667 2864 sentiant,
708 2808 787 2847 an
825 2786 942 2847 filii
954 2833 972 2865 ,
1023 2787 1262 2873 κρίσεις
1303 2789 1449 2849 illae
1463 2833 1481 2865 ,
1525 2809 1678 2869 quas
1720 2800 1827 2849 aut
1870 2788 2345 2849 reformationes

69 2902 187 2950 aut
229 2890 650 2951 revolutiones
695 2888 939 2966 dicunt,
983 2890 1368 2951 exoriantur.
1447 2891 1681 2951 Mutati
1712 2891 1877 2951 enim
1917 2893 2198 2952 homines
2228 2911 2365 2951 ιιιιι-

71 3006 274 3054 tatam
323 2992 699 3072 reipublicae
751 2991 1016 3053 formam
1079 2988 1453 3053 desiderant.
1552 2994 1767 3081 Itaque
1783 3037 1801 3068 ,
1866 3014 2059 3075 quum
2126 3016 2363 3057 summa

70 3095 454 3177 reipublicae
500 3094 878 3175 praestantia
909 3096 979 3155 in
1022 3113 1095 3155 eo
1137 3094 1344 3174 posita
1379 3094 1494 3173 sit,
1530 3107 1601 3155 ut
1652 3095 1863 3155 beatos
1904 3095 2125 3157 reddat
2176 3102 2362 3181 quam

71 3199 344 3265 maxime
381 3200 544 3263 cives
557 3243 576 3276 ,
635 3195 1141 3279 quandoquidem
1187 3217 1318 3259 non
1375 3216 1589 3263 omnes
1647 3208 1910 3278 possunt
1972 3211 2078 3259 aut
2138 3200 2361 3280 populi

75 3316 188 3364 aut
230 3303 469 3363 saecula
523 3300 737 3361 eadem
789 3302 922 3363 vita
975 3301 1185 3390 felices
1241 3300 1417 3362 fieri.-
1476 3320 1779 3382 quaenam
1833 3312 2053 3378 restat,
2112 3322 2360 3387 quaeso,

75 3406 318 3485 optima
357 3404 732 3482 reipublicae
773 3400 1022 3465 forma?
1101 3382 1543 3483 Philosophus,
1598 3402 1869 3483 optimae
1921 3404 2186 3468 civitatis
2232 3406 2361 3468 for·

75 3522 376 3585 matores,
419 3506 473 3567 si
512 3506 994 3588 interrogamus,
1035 3506 1459 3589 unusquisque
1522 3526 1744 3587 magna
1799 3518 1863 3569 et
1917 3508 2254 3571 verborum
2296 3515 2361 3573 et

79 3620 586 3691 argumentorum
628 3611 909 3671 ubertate
948 3629 1119 3671 suam
1165 3610 1509 3689 civitatem,
1547 3621 1865 3693 tanquam
1888 3608 1964 3671 de
2009 3614 2179 3674 coelo
2217 3614 2357 3694 ipso

121 3826 184 3896 2)
216 3824 300 3879 Cf.
335 3826 663 3899 praeclaram
698 3826 798 3881 bac
847 3827 912 3881 de
948 3847 1006 3880 re
1060 3826 1106 3879 F
1107 3839 1392 3881 mausolus
1447 3824 1879 3897 disputationem:
1934 3829 2031 3881 An
2078 3846 2237 3899 essay
2290 3848 2356 3883 on

218 3916 308 3965 the
346 3918 557 3987 history
593 3917 668 3987 of
693 3916 820 3969 civil
853 3916 1068 3987 society,
1100 3914 1188 3983 111,
1225 3920 1274 3969 2.
1308 3935 1360 3987 p.
1399 3918 1505 3968 18⁴1
1540 3934 1654 3987 sqq.

125 4002 189 4073 3)
221 4002 402 4075 ltaque
435 4006 682 4061 labentis
692 4003 1017 4077 reipublicae
1051 4002 1294 4057 homines
1327 4001 1529 4057 nullam
1580 4002 1738 4057 aliam
1784 4002 2001 4059 civitatis
2049 3995 2355 4073 gubernan-

219 4093 320 4147 dae
353 4094 642 4171 rationem,
679 4093 780 4147 nisi
817 4110 952 4165 quae
992 4090 1187 4145 labenti
1225 4091 1505 4145 conveniat
1553 4090 1905 4165 reipublicae,
1958 4088 2183 4144 tolerare
2228 4110 2354 4161 pos-

219 4193 358 4239 sunt.
427 4166 686 4237 Traianus
719 4184 1046 4256 imperator,
1083 4180 1125 4234 si
1162 4181 1390 4254 priscam
1420 4180 1789 4235 Romanorum
1825 4179 2119 4233 libertatem
2152 4170 2353 4232 instau-

217 4281 404 4339 rasset,
451 4271 570 4343 quis
603 4272 944 4339 dubitaverit,
998 4271 1130 4344 quin
1183 4270 1377 4327 civium
1413 4260 1567 4325 saluti
1601 4269 1826 4344 pessime
1860 4267 2234 4323 oonailuisset.
2221 4265 2245 4305 Ρ
2278 4294 2351 4305 -

217 4358 470 4415 Ceterum
507 4359 756 4432 peu-inulti
789 4359 1178 4432 rempublicam
1212 4370 1517 4435 permutare
1550 4357 1736 4413 volunt
1771 4375 1835 4411 eo
1869 4366 2077 4411 tantum
2116 4352 2336 4409 consilio

172 4500 184 4507 .
215 4460 278 4505 ut
309 4448 645 4521 repulsorum
659 4487 676 4517 ‚
713 4448 806 4523 qui
841 4461 994 4505 antea
1018 4442 1244 4527 suerint,
1279 4445 1747 4523 gubernatorum
1730 4445 1831 4517 ipsi
1852 4444 2033 4501 locum
2058 4443 2351 4511 obtineant,

1689 4542 1782 4604 4*
