2902 5099
1644 329 1746 401 90

576 508 712 592 puli
751 508 1014 594 quisque
1047 501 1224 586 ordo,
1265 525 1549 591 quaeque
1586 501 1963 587 reipublicae
1996 499 2431 586 gubernandae
2466 500 2631 570 ratio
2666 513 2823 569 tam·

576 612 684 676 diu
723 613 1056 696 imperium
1093 623 1284 690 tenet,
1325 606 1640 694 quamdiu,
1678 609 1961 690 potentia
2004 610 2310 692 superior,
2351 623 2562 674 tenere
2599 621 2823 691 potest.
2892 617 2894 686 1

576 716 748 793 Quae
803 715 1086 799 potentia
1125 734 1320 796 quum
1366 708 1653 774 imminui
1693 711 1999 790 coeperit,
2060 713 2183 774 alio
2235 713 2343 779 vel
2390 712 2661 795 populo,
2721 713 2825 775 vel
2892 699 2894 794 ξ

575 817 790 880 ordine
804 862 824 896 ,
896 819 1002 881 vel
1053 816 1294 878 ratione
1346 814 1547 905 indies
1578 824 1943 890 crescente,
2005 814 2349 896 contrariae
2416 827 2554 877 tum
2614 827 2819 896 partes
2892 795 2894 870 l

505 967 513 972 -
575 932 882 982 certamen
919 919 1170 997 ineunt,
1213 938 1293 980 ex
1332 936 1458 1002 quo
1494 935 1656 978 nova
1694 934 1971 996 semper,
2016 915 2163 978 licet
2196 918 2377 981 initio
2420 917 2658 982 devicta
2697 941 2825 984 sae-
2892 871 2894 988 i

573 1025 714 1104 pius
764 1022 1108 1103 videatur,
1137 1019 1388 1096 tandem
1435 1016 1770 1102 aliquando
1813 1017 2102 1110 superior
2140 1017 2418 1083 discedit.
2508 1021 2714 1105 Atque
2759 1045 2827 1086 ea

572 1146 817 1210 semper
854 1145 998 1205 pars
1012 1168 1033 1203 ,
1093 1145 1252 1207 quae
1295 1141 1596 1184 summam
1636 1141 1851 1184 rerum
1902 1097 2177 1199 obtinet,
2236 1142 2559 1206 quousque
2596 1127 2828 1190 nullus-

506 1221 510 1228 ’
573 1225 722 1290 dum
761 1226 1146 1290 adversarius
1191 1226 1530 1304 exstiterit,
1592 1236 1657 1286 et
1698 1245 1737 1286 a
1778 1244 1844 1287 se
1884 1223 2022 1306 ipsa
2060 1236 2125 1286 et
2170 1245 2208 1286 a
2254 1224 2473 1288 ceteris
2514 1225 2675 1290 iusto
2718 1227 2829 1291 do-

569 1331 926 1394 minationis
977 1329 1163 1396 titulo
1218 1328 1315 1391 uti
1371 1327 1761 1390 existimatur
1787 1325 1863 1413 ἒ).
1957 1327 2147 1390 Cuius
2200 1327 2665 1393 existimationis
2714 1351 2829 1413 po-

570 1435 768 1498 tentia
806 1433 918 1494 illa
955 1431 1197 1513 pariter
1237 1452 1415 1494 causa
1457 1443 1551 1494 est
1590 1443 1779 1548 atque
1830 1430 2081 1500 effectus
2095 1474 2115 1510 ‚
2170 1429 2325 1494 adeo
2365 1443 2440 1494 ut
2486 1434 2678 1496 altera
2718 1434 2829 1498 vix

567 1535 767 1620 possit
803 1533 1037 1598 iudicio
1076 1535 1154 1596 ab
1197 1535 1395 1597 altera
1435 1533 1733 1615 separari.
1816 1531 2333 1596 Subnascentibus
2360 1531 2579 1598 deinde
2611 1533 2829 1599 adver-

567 1639 745 1704 sariis
759 1683 779 1718 ,
847 1636 1070 1701 eodem
1125 1648 1409 1718 tempore
1464 1635 1801 1698 hominum
1843 1655 2093 1719 quoque
2135 1635 2363 1698 iudicia
2407 1637 2479 1700 in
2518 1636 2831 1701 diversum

568 1740 926 1804 discedunt:
967 1760 1172 1822 neque
1212 1757 1367 1803 vero
1407 1738 1738 1802 dicendum
1778 1751 1899 1818 est,
1938 1752 2153 1802 utrum
2192 1740 2515 1822 opiniones
2550 1743 2666 1804 hae
2678 1788 2699 1822 ,

567 1845 712 1908 illae
752 1863 855 1906 res
889 1853 1094 1923 gestae
1137 1841 1633 1906 commutationis
1676 1861 1889 1912 causae
1926 1843 2052 1904 sint
2091 1842 2483 1925 principales.
2560 1845 2683 1910 Res
2716 1867 2829 1910 no-

566 1965 684 2010 vae
725 1956 934 2008 autem
975 1942 1225 2026 quando
1270 1945 1670 2025 pervicerunt
1714 1937 1969 2006 tandem
1981 1987 2001 2023 ‚
2059 1965 2185 2006 una
2228 1966 2367 2008 cum
2417 1946 2495 2010 iis
2546 1949 2827 2013 homines

567 2068 817 2140 quoque
861 2067 936 2110 eo
991 2046 1120 2108 iam
1179 2045 1430 2110 adducti
1482 2058 1628 2109 sunt
1638 2090 1659 2126 ,
1712 2059 1787 2110 ut
1826 2047 1987 2108 iuste
2030 2067 2131 2108 eas
2172 2045 2311 2109 fieri
2348 2050 2730 2114 arbitrentur
2752 2052 2829 2140 2).

561 2151 778 2235 Itaque
791 2195 812 2228 ‚
874 2161 949 2212 ut
990 2149 1354 2212 Germaniae
1406 2160 1652 2213 tantum
1708 2147 2039 2212 historiam
2089 2150 2421 2231 attingam,
2482 2151 2536 2214 F
2536 2152 2828 2218 ordinan-

565 2253 681 2318 dus
721 2253 800 2316 Π.
839 2252 1220 2334 imperator,
1263 2251 1318 2315 si
1361 2264 1579 2314 contra
1617 2251 1934 2334 principes
1975 2241 2167 2316 talem
2205 2255 2549 2318 instaurare
2587 2257 2828 2322 voluis-

564 2369 661 2422 set
715 2353 1290 2437 imperatoriam
1348 2364 1846 2435 potestatem,
1913 2356 2162 2437 qualem
2215 2357 2517 2418 Henricus
2568 2358 2618 2419 Ι.
2679 2378 2825 2420 con-

562 2457 906 2526 tradicente
961 2457 1208 2521 nemine
1221 2501 1242 2537 ,
1297 2456 1653 2521 Fridericus
1691 2458 1743 2520 Ι.
1795 2457 1923 2519 iam
1975 2456 2188 2518 multis
2240 2455 2666 2522 dubitantibus
2718 2461 2824 2522 ha-

562 2566 787 2629 buer'at
799 2609 819 2644 ,
871 2582 1003 2625 non
1054 2564 1258 2625 solum
1309 2563 1590 2626 omnium
1637 2562 1769 2625 fere
1822 2560 2171 2644 aequalium
2216 2580 2472 2625 suorum
2522 2584 2825 2629 consensu

562 2678 865 2751 tyrannus
906 2674 1161 2726 vocatus
1210 2674 1396 2741 esset,
1442 2663 1553 2727 sed
1592 2664 1727 2746 ipse
1773 2684 2041 2748 quoque,
2078 2659 2203 2724 nisi
2240 2661 2425 2743 forte,
2466 2687 2587 2749 pro
2632 2672 2827 2733 eccle.

562 2768 655 2833 sia
697 2770 850 2831 haec
891 2766 1014 2831 sibi
1055 2765 1292 2847 agenda
1326 2787 1488 2847 esse,
1530 2767 1965 2847 existimasset,
2002 2784 2226 2848 magno
2268 2750 2675 2835 conscientiae
2718 2795 2829 2837 an·

609 2993 674 3068 1)
709 2992 796 3051 Cf.
827 2994 1068 3071 Thucyd.
1101 2997 1143 3066 1,
1176 3002 1264 3054 71.
1311 2994 1512 3071 ἀνάγκη
1543 2994 1597 3053 δ’
1631 2990 1798 3070 ὅσπερ
1844 2999 2029 3069 τέχνης
2070 2992 2151 3051 αἰεὶ
2192 2993 2268 3051 w*
2306 2992 2658 3065 zmyarvbmm
2690 3020 2828 3073 κρα-
2900 3050 2902 3075 ;

697 3098 836 3154 ‘reug
869 3098 922 3143 et
959 3086 1290 3163 praeclaram
1322 3086 1617 3145 Aristotelis
1648 3087 2189 3162 argumentationem:
2221 3085 2337 3142 Pol.
2370 3086 2441 3154 V,
2474 3089 2525 3140 1.
2900 3096 2902 3101 ·

605 3190 669 3265 2)
702 3192 882 3249 Facile
929 3192 1167 3268 quisquis
1209 3193 1493 3269 intelliget,
1544 3193 1675 3249 mea‘
1710 3194 1996 3264 sententia,
2047 3193 2211 3249 modo
2255 3191 2511 3267 exposita,
2562 3204 2833 3267 quatenus

702 3281 989 3337 consimilis
1023 3281 1090 3337 sit
1121 3282 1420 3337 notissimae
1451 3282 1746 3342 Rmnssu
1778 3282 1976 3351 nostri,
2030 3302 2164 3356 qua,
2215 3280 2380 3337 ullam
2424 3280 2735 3355 pactionem
2771 3284 2831 3337 in

701 3380 980 3425 aeternum
1012 3380 1219 3443 tempus
1253 3370 1444 3426 confici
1481 3391 1660 3446 posse,
1703 3383 1877 3445 negat.
1914 3400 1990 3412 —
2042 3368 2294 3426 Ceterum
2336 3368 2418 3425 vel
2458 3370 2831 3424 recentissimo

702 3465 944 3532 tempore
977 3477 1176 3513 novum
1208 3459 1558 3533 sophistarum
1594 3480 1761 3535 genus
1794 3453 1971 3514 'dicere
2006 3470 2260 3514 conatum
2296 3469 2398 3526 est,
2435 3476 2653 3519 omnem
2692 3458 2833 3513 eivi-

701 3543 822 3599 tatis
855 3545 1268 3614 conversionem,
1305 3547 1348 3601 si
1384 3568 1638 3622 prospere
1672 3548 1935 3615 succedat,
1974 3568 2039 3603 eo
2074 3547 2190 3621 ipso
2224 3546 2417 3602 iustam
2448 3546 2581 3614 fieri,
2620 3544 2837 3620 quippe

704 3652 810 3707 qua
854 3652 916 3687 re
962 3632 1380 3691 demonstratum
1427 3638 1521 3705 sit,
1576 3635 1961 3691 revolutionem
2006 3635 2209 3712 populo
2255 3613 2835 3691 suisse'neoezsariam.

702 3720 858 3791 Quae
893 3721 1108 3795 quidem
1143 3724 1428 3793 sententia,
1477 3726 1680 3781 etiamsi
1712 3724 1897 3781 eadem
1929 3726 2043 3781 sere
2076 3724 2322 3791 historica
2353 3723 2542 3779 nititur
2573 3723 2839 3779 observa-

699 3808 861 3875 tione,
895 3818 1074 3865 tamen
1107 3830 1140 3866 a
1173 3831 1296 3866 meo
1329 3812 1529 3870 iudicio
1565 3834 1728 3889 quam
1759 3813 1984 3869 maxime
2018 3813 2217 3874 diversa
2253 3825 2345 3869 est.
2414 3810 2685 3886 Equidem
2726 3816 2837 3869 ob-
2858 3822 2886 3849 '⁴

698 3899 894 3953 servari
932 3900 1302 3956 tantummodo
1342 3903 1516 3972 volui,
1568 3903 1780 3958 diversis
1817 3903 2146 3981 temporibus
2178 3904 2405 3958 diversas
2436 3901 2727 3956 hominum
2764 3902 2838 3955 de

699 3984 818 4042 iure
853 4004 962 4041 esse
993 3990 1300 4046 sententias:
1366 4012 1535 4068 quare
1582 4014 1719 4069 quae
1764 3994 2007 4068 plurimis
2048 3994 2471 4069 gravissimisque
2514 3991 2841 4047 hominibus

695 4075 832 4131 iusta
861 4077 1165 4147 videantur,
1221 4080 1407 4139 eadem
1441 4102 1625 4139 revera
1662 4104 1879 4159 quoque
1914 4085 2215 4159 potentiora
2250 4102 2361 4139 esse
2406 4081 2626 4138 soleant.
2722 4079 2843 4133 So·

700 4163 894 4237 phistes
935 4180 1120 4225 contra
1161 4190 1220 4225 ex
1257 4172 1521 4247 disparata
1560 4177 1825 4248 potentiae
1864 4174 2083 4231 notione
2118 4172 2435 4247 disparatam
2464 4168 2695 4227 iustitiae
2734 4169 2842 4223 de-

699 4252 858 4310 ducit.
943 4254 1130 4331 Neque
1170 4278 1298 4315 vero
1341 4260 1483 4317 ullus
1524 4262 1605 4318 vel
1653 4264 1882 4338 populus
1926 4262 2007 4319 vel
2053 4260 2190 4317 ordo
2231 4261 2365 4317 iuste
2405 4269 2579 4335 potest
2616 4258 2840 4325 omnia,

700 4360 837 4414 quae
870 4344 1158 4399 necessaria
1192 4346 1290 4401 sibi
1324 4348 1457 4417 sint,
1494 4350 1763 4423 perficere.
1831 4352 2005 4407 Etiam
2038 4348 2356 4407 necessitatis
2391 4360 2444 4407 et
2473 4346 2606 4404 iuris
2640 4347 2843 4420 dispa-

697 4440 842 4485 ratae
871 4450 981 4486 esse
1012 4431 1257 4489 videntur
1287 4437 1547 4493 notiones.
