2902 5099
1275 313 1388 386 2⁷·

187 494 313 558 nisi
353 493 490 578 ipse
541 497 809 580 qualem·
839 493 960 560 sibi
1011 491 1324 561 civitatem
1387 483 1715 558 desideret.
1814 493 1983 558 Talis
2042 493 2449 578 philosophus

186 599 244 662 si
285 601 515 664 multos
559 602 780 664 habeat
833 602 936 666 vel
992 599 1090 663 sui
1133 599 1238 662 vel
1290 598 1653 678 posterioris
1690 599 1994 680 temporis
2034 613 2449 678 assectatores,

189 704 406 769 multis
419 749 440 783 ‚
483 703 831 786 intelligere
886 723 1214 786 possumus
1234 745 1252 778 ,
1295 700 1549 767 eandem
1588 701 1855 766 civitatis
1906 702 2171 764 formam
2211 701 2452 765 deside-

189 807 355 884 rari,
409 821 591 893 atque
632 809 1010 890 philosopho
1045 806 1291 888 optima
1345 823 1475 868 esse
1522 803 1827 872 videatur.
1927 802 2213 880 Quorum
2261 805 2455 886 pleri·

186 928 314 990 ,quc
331 955 349 985 ,
393 908 580 992 ‚quod
620 911 1034 991 philosophus
1089 907 1374 972 distincte
1431 916 1616 988 atque
1671 906 2101 988 philosophice.
2157 905 2457 988 prodidit,

185 1008 360 1072 idem.
394 1012 522 1086 iam
563 1025 772 1088 antea,
818 1013 1056 1076 etiamsi
1103 1012 1304 1074 minus
1350 1012 1513 1078 clare
1527 1054 1547 1088 ,
1588 1010 1711 1090 ipsi
1752 1023 2087 1074 senserant.
2130 1045 2217 1058 --
2278 1012 2453 1074 Hanc

189 1115 576 1195 proxinciam
588 1160 628 1192 ,.
651 1116 912 1177 civitatis
926 1161 944 1194 ,
993 1115 1236 1198 qualem
1273 1126 1336 1175 et
1378 1113 1503 1193 ipsi
1550 1126 1614 1180 et
1653 1131 1871 1191 magna
1910 1115 2273 1200 aequalium
2307 1097 2452 1176 suo.-

189 1235 336 1276 rum
378 1215 742 1278 multi-tudo·
771 1217 1183 1297 postularent,
1232 1213 1663 1298 philosophice
1728 1213 2157 1304 describendae
2172 1259 2191 1292 ‚
2220 1215 2459 1280 .multis

191 1317 507 1398 variisque
568 1318 918 1380 nominibus
977 1318 1338 1400 philosophi
1397 1320 1813 1399 appellarunt.
1932 1317 2064 1380 Alii
2128 1320 2459 1414 civitatem,

193 1418 396 1500 qualis
437 1438 655 1480 revera
699 1440 763 1495 se
805 1419 1095 1497 haberet,
1137 1419 1246 1480 alii
1284 1419 1663 1500 reipublicae
1710 1419 1915 1483 ideam
1929 1465 1949 1498 ,
1988 1433 2063 1481 ut
2102 1441 2307 1483 sermo
2350 1434 2461 1501 est,

193 1518 498 1582 invenisse
541 1520 662 1590 sibi
700 1522 821 1584 visi
861 1535 1039 1599 sunt3
1079 1523 1215 1601 alii,
1259 1523 1371 1605 qui
1411 1543 1527 1584 nec
1566 1537 1761 1586 semet
1801 1525 2003 1605 ipsos,
2058 1545 2175 1586 nec
2226 1535 2462 1586 ceteros

192 1623 532 1684 verborum
596 1625 798 1705 specie
859 1625 1075 1688 fallere
1139 1628 1502 1705 voluerunt,
1574 1628 1968 1709 simpliciter,
2032 1628 2331 1709 optimam
2398 1649 2463 1690 se

195 1713 582 1802 reipublicae
616 1726 878 1790 formam
895 1749 902 1756 ·
918 1747 1274 1810 proponere
1287 1773 1307 1806 ,
1349 1729 1600 1808 gloriati
1644 1743 1807 1794 sunt.
1836 1767 1923 1780 -
1963 1734 2203 1794 Verum
2233 1751 2464 1811 omnes,

193 1835 268 1904 ut
309 1824 615 1908 equidem-
641 1830 855 1908 sciam,
899 1832 1059 1905 nihil
1099 1833 1230 1894 fere
1275 1831 1446 1894 aliud
1488 1847 1776 1913 egerunt,
1828 1833 1953 1897 nisi
2011 1855 2091 1896 ex
2148 1835 2247 1896 sui
2308 1848 2467 1922 tem-5

193 1928 368 2009 poris
411 1941 474 1993 et
513 1933 790 1993 moribus
837 1944 901 1994 et
960 1933 1262 1995 institutis
1291 1929 1374 2016 ¹),
1434 1935 1867 2014 philosophico
1930 1936 2201 2017 quodam
2258 1940 2465 2000 e'olore

117 2063 124 2072 =
195 2030 451 2094 imbutis
465 2075 486 2112 ,
525 2034 854 2112 imaginem
907 2033 1172 2096 civitatis
1229 2046 1742 2114 composuerunt,
1812 2056 1999 2117 quam
2056 2041 2468 2122 cuiuscunque

200 2145 266 2194 et
315 2135 530 2198 aetatis
593 2148 658 2198 et
716 2136 938 2219 populi
996 2134 1352 2201 hominibus
1413 2137 1672 2198 omnino
1718 2139 2059 2220 perfectam
2112 2141 2317 2204 visum
2368 2142 2470 2220 iri,

197 2238 486 2324 plerique
555 2259 773 2300 eorum
827 2241 883 2300 si
943 2259 1072 2300 non
1125 2237 1484 2320 credebant,
1544 2254 1753 2306 tamen
1808 2245 2157 2326 sperabant.
2255 2245 2471 2327 Itaque

201 2350 336 2410 fere
380 2358 592 2414 omnes
638 2363 670 2403 e
708 2345 928 2408 mahts
967 2348 1137 2442 qnasi
1180 2351 1649 2422 sermocinantur,
1687 2348 1931 2436 pariter
1972 2348 2021 2410 ii
2035 2362 2075 2427 ,·
2099 2349 2211 2432 qui
2254 2367 2335 2408 ex
2376 2367 2473 2408 sa·

204 2443 324 2504 cris
370 2443 575 2505 bibliis
620 2444 964 2509 doctrinam
1005 2466 1180 2508 suam
1219 2444 1495 2508 hausisse
1538 2448 1658 2508 sibi
1713 2449 2026 2529 videntur,
2067 2447 2269 2534 (velut
2324 2450 2472 2512 Set.-
2530 2505 2539 2512 .

200 2568 354 2625 nnn,
395 2548 705 2629 Amnum,
746 2552 1113 2629 VAnnAmt,
1153 2549 1430 2629 Fxmn,
1468 2547 1815 2637 Bossutr),
1860 2564 2045 2633 atque
2081 2554 2129 2613 ii
2138 2564 2177 2631 ‚'
2203 2572 2473 2636 quorum
2512 2533 2519 2542 ³

173 2664 532 2733 .systemata
563 2655 670 2715 vel
711 2674 791 2715 ex
829 2653 1084 2715 humani
1127 2653 1320 2715 animi
1359 2667 1583 2717 natura
1634 2652 1899 2741 (Puro)
1914 2700 1933 2735 ,
1987 2658 2092 2718 vel
2135 2652 2223 2718 ei
2264 2658 2471 2738 primo

203 2755 526 2816 hominum
579 2768 743 2817 statu
799 2752 1075 2842 (Homms
1089 2801 1110 2836 ‚
1161 2756 1378 2819 Locu
1391 2783 1434 2835 ,¹
1467 2754 1825 2843 Roussmu)
1891 2758 2170 2838 profecta
2219 2780 2283 2821 se
2344 2781 2473 2825 esse

207 2856 586 2940 praedicant.
667 2858 766 2921 Ne
806 2859 1210 2921 recentissimi
1251 2859 1503 2943 quidem
1546 2862 1845 2943 temporis
1890 2863 2315 2945 philosophos,
2357 2868 2476 2929 etsi

207 2982 248 3022 a
286 2964 540 3025 summis
581 2962 1061 3045 philosophandi
1099 2963 1423 3047 principiis
1466 2965 2117 3047 incipientes-politica
2144 2983 2477 3053 praecepta

212 3068 542 3131 confecisse
597 3067 919 3148 dicuntur,
973 3070 1088 3131 hac
1146 3070 1324 3153 quasi
1377 3070 1590 3151 glebae
1635 3068 2048 3149 adscriptione
2099 3070 2329 3133 liberos
2380 3074 2479 3135 in-

210 3172 442 3235 venies.
482 3208 568 3220 —
621 3172 756 3234 Hoc
798 3184 1005 3235 autem
1050 3191 1260 3235 errore
1276 3218 1295 3251 ,
1360 3192 1488 3255 quo
1554 3192 1693 3237 suas
1747 3164 2030 3253 ipsorum
2063 3174 2475 3257 ·respublicas,

214 3276 335 3338 sibi
391 3274 644 3358 quidem
705 3289 800 3339 et-
831 3277 1191 3362 aequah’bus
1254 3276 1382 3340 suis
1443 3275 1713 3339 maxime
1763 3272 2095 3357 adoptatas
2108 3319 2129 3357 ‚
2183 3287 2479 3363 tanquam

247 3521 326 3594 11)
363 3518 614 3576 Ceterum
646 3518 752 3573 hoc
802 3519 1132 3593 ‘potissimum
1165 3516 1288 3573 loco
1336 3513 1723 3571 observandum
1756 3524 1833 3569 est
1867 3532 2028 3588 quam
2071 3499 2486 3589 diligentissime,

358 3620 622 3683 quantum
656 3608 858 3661 intersit
906 3608 1044 3663 inter
1091 3604 1304 3680 publica
1339 3604 1555 3658 maioris
1588 3602 1915 3676 minon'sque
1950 3605 2205 3659 momenti
2234 3606 2478 3663 instituta.

359 3698 679 3755 Gravissima
713 3708 891 3750 autem
927 3716 988 3749 ea
1021 3706 1173 3762 sunt,
1219 3694 1411 3768 quibus
1454 3692 1745 3750 *domestica
1790 3690 2067 3747 hominum
2112 3695 2241 3762 vita,
2290 3696 2483 3769 quibus

279 3784 319 3810 '⁸
357 3775 544 3842 inutua
603 3784 852 3839 ordinum
906 3783 1208 3839 coniunctio
1222 3824 1238 3852 ,
1298 3783 1489 3856 quibus
1552 3781 1876 3854 privatorum
1924 3801 2047 3839 cum
2098 3785 2485 3856 magistratibus

323 3866 328 3871 ⁸
359 3872 689 3930 necessitudo
726 3872 1041 3927 continetur.
1109 3873 1315 3945 Itaque,
1350 3870 1477 3925 licet
1511 3882 1719 3925 externa
1756 3869 1985 3942 quadam
2032 3872 2205 3945 specie
2240 3871 2305 3925 sit
2338 3871 2481 3928 haud

363 3963 546 4036 exigua
579 3962 720 4018 inter
750 3960 1108 4029 Britanniam,
1158 3960 1328 4035 qualis
1359 3960 1457 4013 suh
1497 3957 1732 4031 Georgio
1765 3958 1851 4011 111.
1896 3958 2077 4013 floruit
2095 3996 2112 4023 ,
2158 3970 2212 4013 et
2256 3960 2483 4027 Germa-

362 4052 535 4117 nicas,
574 4041 710 4124 quae
746 4049 1191 4105 constitutionales
1230 4060 1519 4129 vocantur,
1566 4067 1651 4101 res
1673 4046 1888 4102 publicas
1944 4046 2259 4116 similitudo,
2306 4060 2483 4105 tamen

349 4148 588 4211 atraque
621 4149 698 4195 est
730 4138 906 4195 civitas
937 4138 1078 4193 inter
1109 4157 1165 4193 se
1198 4136 1553 4193 dissimillima.
1672 4149 1694 4192 t
1726 4156 1852 4191 vero
1888 4136 2167 4189 Boi-ussine
2201 4138 2479 4209 populum,

369 4244 694 4301 quamquam
726 4226 888 4281 nullis
920 4244 1090 4300 paene
1123 4246 1212 4280 rex
1263 4224 1477 4299 legibus
1529 4223 1957 4297 circumscriptus
1998 4234 2237 4292 tenetur,
2289 4225 2330 4279 si
2367 4224 2486 4298 quis

365 4338 546 4373 veram
575 4317 854 4373 bominum
887 4316 1008 4374 velit
1041 4315 1399 4374 conditionem
1445 4314 1757 4389 perquirere
1770 4349 1789 4383 ,
1832 4332 1867 4369 a
1898 4314 2054 4369 nobis
2085 4314 2293 4369 vixdum
2326 4313 2486 4367 diffe-

365 4417 573 4464 rentem
603 4405 845 4463 inveniet.
