2902 5099
4 4172 29 4321 ‘r‘

81 4283 93 4305 ο

1628 233 1727 302 40

562 406 1001 488 communio,
1043 409 1122 474 de
1162 433 1286 494 qua
1317 407 1496 472 nobis
1516 397 1735 490 'pauca
1772 417 1935 470 nunc'
1976 404 2235 468 dicenda
2278 416 2529 470 restant.
2596 407 2851 493 Neque

558 531 709 576 vero
749 509 872 592 ipsi
912 515 1284 599 philosopho
1297 561 1316 594 ,
1359 535 1424 576 se
1465 512 1888 594 vituperatum
1932 511 2047 590 iri,
2090 514 2395 575 occultum
2425 513 2635 574 fuisse
2662 513 2853 576 vide-

437 669 450 680 .
559 627 698 696 tur3
763 637 951 697 quam
1011 621 1094 680 ob
1149 638 1284 680 rem
1334 614 1747 678 excusationis
1808 614 2001 694 gratia
2014 660 2034 694 ‚
2092 626 2422 697 antequam
2482 629 2851 696 praecepta

558 737 668 778 sua
707 717 1008 797 traderet,
1047 721 1359 800 permulta
1400 719 1595 782 verba
1636 717 1955 798 praemisit
1996 713 2117 802 (De
2154 738 2293 797 rep.
2334 717 2420 780 V.
2454 738 2561 798 pr.
2612 739 2694 798 p.
2720 723 2844 810 451

554 821 618 882 D
661 842 799 905 sqq.
839 847 904 904 p.
931 826 1056 884 453
1099 825 1180 886 D.
1238 825 1336 885 De
1375 824 1537 902 legg.
1578 822 1690 882 VI.
1740 843 1805 901 p.
1844 822 1966 882 780
2010 817 2126 905 G).
2223 819 2371 881 Tria
2420 832 2577 880 sunt
2644 823 2850 902 potis-

557 921 781 986 simum
817 947 856 987 a
895 927 1152 988 Platone
1197 923 1618 988 commendata
1634 945 1652 982 =
1693 924 1965 1004 primum
1974 969 1993 1002 ,
2031 937 2104 984 ut
2150 922 2543 983 matrimonia
2586 923 2678 996 in
2727 925 2851 984 sin-

448 1026 455 1037 '
558 1028 734 1104 gulos
774 1039 1019 1089 tantum
1062 1049 1256 1090 annos
1315 1028 1833 1106 coniungerentur
1862 1024 1945 1112 1);
2002 1023 2224 1088 deinde
2245 1036 2337 1085 ·ut
2374 1025 2563 1086 liberi
2625 1048 2710 1088 ea
2754 1049 2851 1086 ra·
2895 1021 2896 1024 ’

557 1128 727 1191 tione
771 1129 1176 1194 educarentur
1190 1177 1208 1212 ‚
1251 1153 1376 1214 qua
1414 1149 1729 1212 nunquam
1760 1141 1868 1189 aut
1909 1142 2197 1209 parentes
2234 1149 2373 1190 suos
2402 1142 2852 1208 agnoscerent,

559 1243 668 1306 aut
727 1255 766 1294 a
819 1237 1182 1315 parentibus
1255 1234 1378 1314 ipsi
1439 1244 1951 1312 agnoscerentur3
2030 1231 2297 1315 denique
2370 1245 2443 1296 ut
2508 1233 2848 1308 mulieres,
2895 1219 2896 1222 ¹

559 1353 755 1416 quum
795 1337 1009 1400 eadem
1049 1352 1234 1420 atque
1273 1335 1397 1399 viri
1441 1334 1798 1397 educatione
1862 1335 2096 1398 fructae
2155 1349 2389 1414 essent,
2443 1333 2625 1399 idem
2694 1355 2852 1418 quo-
2895 1387 2896 1400 ,

559 1455 684 1518 que
725 1440 1034 1501 honorum
1074 1437 1613 1520 adipiscendorum
1651 1439 1747 1502 ius
1782 1440 2083 1501 haberent
2138 1436 2261 1522 (De
2296 1459 2431 1519 rep.
2472 1439 2559 1500 V.
2600 1461 2681 1520 P.
2722 1440 2846 1500 451
2895 1429 2896 1432 ¹

558 1538 622 1599 D
655 1559 741 1599 ..τ-.-
769 1565 833 1622 Ρ.
859 1547 1009 1604 464.
1050 1545 1190 1606 Vll.
1219 1566 1282 1624 p.
1313 1547 1438 1606 540
1481 1541 1612 1630 D.).
1694 1545 1826 1605 Hac
1868 1542 1943 1605 de
1972 1566 2041 1604 re
2072 1566 2373 1626 quaenam
2401 1545 2473 1605 in
2504 1541 2851 1622 republica
2895 1557 2896 1564 ¹

559 1656 890 1724 praecepta
935 1645 1086 1723 sint,
1127 1645 1195 1705 in
1231 1647 1453 1723 vulgus
1497 1659 1715 1706 notum
1769 1658 1892 1722 est3
1948 1667 2167 1707 verum
2206 1667 2297 1706 -ne
2352 1648 2517 1724 leges
2574 1641 2849 1727 quidem

560 1746 683 1806 alia
735 1747 1072 1808 continent.
1169 1748 1386 1826 Itaque
1449 1747 1605 1806 tales
1672 1744 1747 1805 de
1806 1745 2167 1807 mulieribus
2235 1747 2401 1824 leges
2454 1746 2851 1810 necessarias

562 1867 692 1907 esse
733 1847 916 1928 dicit,
955 1871 1034 1911 ne
1081 1869 1200 1930 pro
1243 1871 1368 1910 una
1407 1849 1730 1930 republica
1778 1844 2013 1935 duplex
2048 1847 2193 1928 fiat3
2235 1849 2517 1914 convivia
2559 1850 2850 1928 publica,

562 1951 904 2031 gymnasia,
955 1952 1150 2012 immo
1199 1971 1352 2014 vero
1405 1971 1724 2012 armorum
1777 1951 2249 2014 exercitationes
2303 1951 2677 2016 mulieribus
2752 1948 2855 2012 ad-

563 2050 765 2113 eunda
806 2066 983 2133 sunt,
1047 2053 1202 2115 adeo
1265 2066 1340 2114 ut
1378 2056 1482 2115 vel
1522 2052 1753 2114 invitae
1797 2050 1877 2112 ad
1930 2055 2241 2132 gymnasia
2292 2067 2587 2130 cogantur
2628 2052 2855 2118 venti·

562 2163 700 2214 tare
759 2149 881 2238 (De
934 2157 1092 2234 legg.
1147 2157 1285 2216 VH.
1338 2176 1404 2234 p.
1446 2155 1569 2214 805
1609 2155 1685 2213 A.
1734 2153 1847 2214 VI.
1897 2173 1964 2232 p.
2009 2154 2132 2214 780
2174 2152 2246 2214 C.
2294 2154 2433 2215 VH.
2474 2175 2539 2234 p.
2581 2157 2732 2216 814
2779 2156 2857 2216 A.

561 2255 730 2318 Vm.
770 2278 836 2337 p.
883 2260 1007 2318 833
1049 2255 1191 2342 sq.).
1300 2256 1701 2335 Magistratus
1768 2254 1824 2316 si
1864 2275 2077 2334 gerere
2133 2257 2382 2334 volunt,
2438 2253 2857 2337 quadragesi-

561 2377 701 2419 mus
739 2359 818 2420 iis
859 2360 1024 2431 vitae
1065 2380 1261 2422 annus
1303 2349 1749 2440 exspectandus
1794 2369 1887 2421 est
1900 2404 1918 2437 ,
1965 2356 2113 2422 dum
2151 2359 2308 2438 viri,
2351 2359 2603 2438 triginta
2642 2342 2851 2422 modo

567 2479 760 2521 annos
795 2462 961 2540 nati,
1001 2464 1268 2524 honores
1315 2462 1440 2522 iam
1481 2471 1739 2539 possunt
1780 2460 2013 2520 ambire
2076 2457 2199 2544 (De
2246 2462 2404 2542 legg.
2444 2462 2553 2523 Vl.
2594 2481 2666 2540 p.
2720 2461 2843 2522 785

567 2561 692 2649 B.).
775 2567 916 2647 Ipsa
959 2564 1212 2648 quidem
1254 2583 1516 2625 uxorum
1570 2564 2029 2643 liberorumque
2082 2562 2430 2624 communio
2484 2564 2555 2625 in
2594 2565 2840 2645 legibus

567 2666 1022 2757 aliquantulum
1060 2666 1374 2741 mollitur3
1415 2684 1636 2725 verum
1672 2675 1880 2725 tamen
1921 2676 2163 2725 tantum
2206 2668 2378 2731 abest
2392 2712 2409 2744 ‚
2462 2678 2536 2730 ut
2577 2687 2839 2747 prorsus

569 2768 793 2829 omissa
835 2770 917 2832 sit
931 2813 948 2846 ,
989 2780 1064 2830 ut
1105 2780 1240 2829 tum
1285 2766 1633 2849 impudicae
1676 2768 2054 2848 sponsalium
2097 2770 2600 2849 praeparationes
2654 2769 2835 2856 (Ibid.

551 2873 682 2935 'VL
733 2894 803 2953 Ρ.
849 2874 971 2934 771
1025 2870 1135 2957 D.)
1151 2917 1168 2950 ,
1229 2884 1392 2951 tum,
1453 2874 1563 2934 ubi
1619 2872 2014 2935 matrimonia
2068 2874 2311 2953 prolem
2366 2893 2495 2935 non
2548 2872 2835 2949 habeant,
2895 2944 2896 2959 ἵ

569 2976 736 3045 iussa
758 2976 1048 3040 divortia
1089 2974 1270 3060 (Ibid.
1315 2978 1428 3039 VI.
1470 2998 1534 3058 p.
1582 2978 1707 3039 784
1748 2973 1850 3061 Β.)
1885 2975 2085 3047 ‚valde
2126 2978 2314 3043 'illam
2356 2976 2703 3063 redoleant.
2756 3006 2831 3020 --

572 3081 664 3141 Ac
701 3081 974 3161 primum
1015 3078 1268 3162 quidem
1309 3078 1479 3160 apud
1514 3078 1779 3139 Graecos
1817 3080 2067 3143 omnino
2082 3124 2100 3157 ,
2148 3080 2455 3161 imprimis
2510 3080 2682 3161 apud
2722 3078 2833 3141 La·
2895 3146 2896 3149 Ἴ

576 3182 998 3246 cedaemonios
1009 3228 1027 3260 ,
1070 3181 1404 3245 domestica
1442 3180 1576 3244 vita
1616 3182 1813 3242 multo
1855 3182 2111 3253 minoris
2136 3184 2603 3262 aestimabatur,
2652 3198 2831 3265 quam
2895 3232 2896 3253 2

576 3284 744 3366 apud
781 3286 1091 3347 Romanos
1151 3284 1642 3369 Germanosque,
1698 3281 1996 3365 ideoque
2019 3286 2267 3365 publica
2326 3286 2437 3345 illa
2496 3285 2831 3355 liberorum
2895 3274 2896 3277 ¹

579 3387 857 3450 educatio
901 3400 964 3449 et
1005 3390 1398 3450 matrimonia
1439 3410 1479 3449 a
1516 3388 1970 3469 magistratibus
2028 3377 2337 3468 ordinata,
2402 3410 2596 3471 quum
2622 3390 2828 3486 Spar-
2895 3408 2896 3473 3

577 3502 677 3550 tae
719 3510 939 3551 revera
983 3502 1184 3552 essent
1224 3488 1629 3569 invenienda,
1694 3488 1858 3551 haud
1899 3500 2223 3569 tantopere
2266 3512 2305 3551 a
2344 3490 2593 3554 Graecis
2650 3488 2830 3552 mori-

578 3594 692 3653 bus
740 3591 1152 3655 abhorrebant
1175 3592 1500 3679 2).Τ11111
1548 3612 1701 3655 vero
1748 3595 2021 3655 Platonis
2080 3606 2405 3677 tempore
2417 3593 2827 3658 matrimonio-
2895 3604 2896 3665 ξ

579 3716 721 3755 rum
766 3695 985 3775 religio
1041 3696 1222 3759 valde
1264 3698 1592 3761 imminuta
1642 3711 1809 3779 erat,
1868 3696 2137 3762 divortia
2190 3699 2441 3763 minime
2496 3690 2896 3761 rara.1n-.'

630 3896 691 3965 1)
725 3897 912 3969 Neque
945 3916 1087 3963 vero,
1124 3908 1184 3950 ut
1217 3896 1443 3969 vulgaris
1478 3897 1646 3952 fertur
1680 3899 1863 3970 opinio
1882 3939 1897 3967 ‚
1938 3899 2239 3955 dissolutam
2275 3918 2490 3973 promus
2522 3911 2579 3955 et
2610 3900 2824 3972 vulgiva-
2895 3912 2896 3965 J

725 4004 848 4055 gam
883 4005 1128 4039 venerem
1163 3985 1409 4041 instituit:
1451 3988 1519 4041 εἰ
1550 3988 1957 4043 MORGENSTERN
1991 3989 2026 4041 l.
2062 3988 2095 4041 l.
2147 4010 2199 4061 p.
2234 3992 2355 4043 226.

635 4071 696 4141 2)
730 4074 946 4126 Praeter
997 4093 1086 4140 ea,
1137 4092 1271 4143 quae
1316 4073 1424 4127 iam
1476 4073 1936 4129 Monems‘rmmo
1985 4076 2111 4130 not'a
2165 4086 2347 4142 erant,
2394 4094 2577 4131 veram
2626 4088 2821 4149 quoque

723 4164 897 4215 uxoris
929 4163 1327 4234 liberorumque
1363 4165 1799 4219 communionem
1832 4167 1973 4219 inter
2018 4167 2205 4221 fratres
2240 4166 2417 4238 plures
2452 4166 2673 4239 Spartae
2720 4158 2820 4214 lici-

723 4262 832 4303 tam
866 4250 1052 4317 fuisse,
1102 4271 1162 4303 ex
1193 4251 1453 4305 Vaticano
1488 4252 1698 4325 Polybii
1751 4254 2077 4326 fragmento,
2112 4254 2301 4327 {nuper
2344 4254 2587 4322 invento,
2634 4246 2819 4321 accepi·

723 4355 866 4390 mus:
901 4338 1168 4393 Humum
1204 4340 1746 4396 Staatsalterthiimer
1774 4340 1820 4415 5.
1841 4346 1941 4409 4Ἰ,
1976 4346 2027 4395 2.
